<DATE>	<TIME>	<TIME_MSC>	<BID>	<ASK>	<LAST>	<VOLUME>	<VOLUME_REAL>	<FLAGS>	<SPREAD>
2026.05.29	22:52:52.840	1780095172840	4545.99	4546.27		0	0	134	28
2026.05.29	22:52:53.059	1780095173059	4546.00	4546.28		0	0	134	28
2026.05.29	22:52:53.168	1780095173168	4545.99	4546.27		0	0	134	28
2026.05.29	22:52:53.278	1780095173278	4545.98	4546.26		0	0	134	28
2026.05.29	22:52:53.495	1780095173495	4546.11	4546.39		0	0	134	28
2026.05.29	22:52:53.605	1780095173605	4546.13	4546.41		0	0	134	28
2026.05.29	22:52:53.932	1780095173932	4546.21	4546.49		0	0	134	28
2026.05.29	22:52:54.259	1780095174259	4546.18	4546.46		0	0	134	28
2026.05.29	22:52:54.480	1780095174480	4546.28	4546.56		0	0	134	28
2026.05.29	22:52:54.596	1780095174596	4546.37	4546.65		0	0	134	28
2026.05.29	22:52:54.599	1780095174599	4546.38	4546.64		0	0	134	26
2026.05.29	22:52:54.601	1780095174601	4546.41	4546.67		0	0	134	26
2026.05.29	22:52:54.625	1780095174625	4546.38	4546.66		0	0	134	28
2026.05.29	22:52:54.626	1780095174626	4546.37	4546.65		0	0	134	28
2026.05.29	22:52:54.628	1780095174628	4546.39	4546.65		0	0	130	26
2026.05.29	22:52:54.629	1780095174629	4546.41	4546.69		0	0	134	28
2026.05.29	22:52:54.639	1780095174639	4546.43	4546.71		0	0	134	28
2026.05.29	22:52:54.647	1780095174647	4546.42	4546.70		0	0	134	28
2026.05.29	22:52:54.648	1780095174648	4546.43	4546.71		0	0	134	28
2026.05.29	22:52:54.699	1780095174699	4546.39	4546.67		0	0	134	28
2026.05.29	22:52:54.806	1780095174806	4546.40	4546.68		0	0	134	28
2026.05.29	22:52:55.249	1780095175249	4546.38	4546.66		0	0	134	28
2026.05.29	22:52:55.572	1780095175572	4546.41	4546.69		0	0	134	28
2026.05.29	22:52:55.683	1780095175683	4546.42	4546.69		0	0	130	27
2026.05.29	22:52:56.010	1780095176010	4546.41	4546.67		0	0	134	26
2026.05.29	22:52:56.120	1780095176120	4546.37	4546.65		0	0	134	28
2026.05.29	22:52:56.341	1780095176341	4546.36	4546.64		0	0	134	28
2026.05.29	22:52:56.449	1780095176449	4546.35	4546.63		0	0	134	28
2026.05.29	22:52:56.667	1780095176667	4546.37	4546.65		0	0	134	28
2026.05.29	22:52:56.885	1780095176885	4546.36	4546.64		0	0	134	28
2026.05.29	22:52:56.994	1780095176994	4546.34	4546.62		0	0	134	28
2026.05.29	22:52:57.104	1780095177104	4546.33	4546.60		0	0	134	27
2026.05.29	22:52:57.431	1780095177431	4546.34	4546.62		0	0	134	28
2026.05.29	22:52:57.542	1780095177542	4546.36	4546.64		0	0	134	28
2026.05.29	22:52:57.651	1780095177651	4546.45	4546.73		0	0	134	28
2026.05.29	22:52:57.756	1780095177756	4546.44	4546.72		0	0	134	28
2026.05.29	22:52:57.760	1780095177760	4546.50	4546.78		0	0	134	28
2026.05.29	22:52:57.870	1780095177870	4546.60	4546.88		0	0	134	28
2026.05.29	22:52:57.979	1780095177979	4546.64	4546.92		0	0	134	28
2026.05.29	22:52:58.198	1780095178198	4546.60	4546.88		0	0	134	28
2026.05.29	22:52:58.308	1780095178308	4546.57	4546.85		0	0	134	28
2026.05.29	22:52:58.414	1780095178414	4546.49	4546.77		0	0	134	28
2026.05.29	22:52:58.483	1780095178483	4546.57	4546.85		0	0	134	28
2026.05.29	22:52:58.484	1780095178484	4546.58	4546.86		0	0	134	28
2026.05.29	22:52:58.491	1780095178491	4546.59	4546.87		0	0	134	28
2026.05.29	22:52:58.499	1780095178499	4546.60	4546.87		0	0	130	27
2026.05.29	22:52:58.525	1780095178525	4546.64	4546.92		0	0	134	28
2026.05.29	22:52:58.635	1780095178635	4546.61	4546.89		0	0	134	28
2026.05.29	22:52:58.854	1780095178854	4546.51	4546.79		0	0	134	28
2026.05.29	22:52:58.962	1780095178962	4546.50	4546.78		0	0	134	28
2026.05.29	22:52:59.180	1780095179180	4546.48	4546.76		0	0	134	28
2026.05.29	22:52:59.289	1780095179289	4546.56	4546.84		0	0	134	28
2026.05.29	22:52:59.947	1780095179947	4546.54	4546.82		0	0	134	28
2026.05.29	22:53:00.137	1780095180137	4546.58	4546.86		0	0	134	28
2026.05.29	22:53:00.140	1780095180140	4546.60	4546.88		0	0	134	28
2026.05.29	22:53:00.141	1780095180141	4546.61	4546.89		0	0	134	28
2026.05.29	22:53:00.142	1780095180142	4546.58	4546.86		0	0	134	28
2026.05.29	22:53:00.143	1780095180143	4546.56	4546.84		0	0	134	28
2026.05.29	22:53:00.153	1780095180153	4546.52	4546.80		0	0	134	28
2026.05.29	22:53:00.165	1780095180165	4546.53	4546.81		0	0	134	28
2026.05.29	22:53:00.166	1780095180166	4546.60	4546.88		0	0	134	28
2026.05.29	22:53:00.265	1780095180265	4546.61	4546.89		0	0	134	28
2026.05.29	22:53:00.277	1780095180277	4546.57	4546.85		0	0	134	28
2026.05.29	22:53:00.478	1780095180478	4546.55	4546.82		0	0	134	27
2026.05.29	22:53:00.492	1780095180492	4546.56	4546.84		0	0	134	28
2026.05.29	22:53:00.819	1780095180819	4546.54	4546.82		0	0	134	28
2026.05.29	22:53:01.146	1780095181146	4546.65	4546.93		0	0	134	28
2026.05.29	22:53:01.147	1780095181147	4546.63	4546.91		0	0	134	28
2026.05.29	22:53:01.148	1780095181148	4546.60	4546.88		0	0	134	28
2026.05.29	22:53:01.258	1780095181258	4546.61	4546.89		0	0	134	28
2026.05.29	22:53:01.476	1780095181476	4546.59	4546.87		0	0	134	28
2026.05.29	22:53:01.916	1780095181916	4546.58	4546.86		0	0	134	28
2026.05.29	22:53:01.958	1780095181958	4546.64	4546.92		0	0	134	28
2026.05.29	22:53:01.962	1780095181962	4546.63	4546.91		0	0	134	28
2026.05.29	22:53:01.964	1780095181964	4546.62	4546.90		0	0	134	28
2026.05.29	22:53:01.995	1780095181995	4546.61	4546.89		0	0	134	28
2026.05.29	22:53:01.996	1780095181996	4546.60	4546.88		0	0	134	28
2026.05.29	22:53:02.017	1780095182017	4546.59	4546.87		0	0	134	28
2026.05.29	22:53:02.352	1780095182352	4546.49	4546.77		0	0	134	28
2026.05.29	22:53:02.461	1780095182461	4546.49	4546.75		0	0	4	26
2026.05.29	22:53:02.569	1780095182569	4546.48	4546.76		0	0	134	28
2026.05.29	22:53:02.680	1780095182680	4546.46	4546.74		0	0	134	28
2026.05.29	22:53:02.898	1780095182898	4546.39	4546.67		0	0	134	28
2026.05.29	22:53:02.899	1780095182899	4546.42	4546.70		0	0	134	28
2026.05.29	22:53:03.008	1780095183008	4546.31	4546.59		0	0	134	28
2026.05.29	22:53:03.115	1780095183115	4546.19	4546.44		0	0	134	25
2026.05.29	22:53:03.227	1780095183227	4546.21	4546.49		0	0	134	28
2026.05.29	22:53:03.883	1780095183883	4546.37	4546.65		0	0	134	28
2026.05.29	22:53:03.995	1780095183995	4546.46	4546.74		0	0	134	28
2026.05.29	22:53:04.101	1780095184101	4546.47	4546.75		0	0	134	28
2026.05.29	22:53:04.539	1780095184539	4546.46	4546.74		0	0	134	28
2026.05.29	22:53:05.196	1780095185196	4546.41	4546.69		0	0	134	28
2026.05.29	22:53:05.416	1780095185416	4546.43	4546.71		0	0	134	28
2026.05.29	22:53:05.524	1780095185524	4546.44	4546.72		0	0	134	28
2026.05.29	22:53:06.056	1780095186056	4546.19	4546.47		0	0	134	28
2026.05.29	22:53:06.058	1780095186058	4546.20	4546.48		0	0	134	28
2026.05.29	22:53:06.068	1780095186068	4546.23	4546.51		0	0	134	28
2026.05.29	22:53:06.138	1780095186138	4546.15	4546.43		0	0	134	28
2026.05.29	22:53:06.174	1780095186174	4546.20	4546.48		0	0	134	28
2026.05.29	22:53:06.175	1780095186175	4546.22	4546.50		0	0	134	28
2026.05.29	22:53:06.179	1780095186179	4546.21	4546.48		0	0	134	27
2026.05.29	22:53:06.209	1780095186209	4546.48	4546.76		0	0	134	28
2026.05.29	22:53:06.210	1780095186210	4546.65	4546.93		0	0	134	28
2026.05.29	22:53:06.214	1780095186214	4546.60	4546.88		0	0	134	28
2026.05.29	22:53:06.218	1780095186218	4546.66	4546.94		0	0	134	28
2026.05.29	22:53:06.219	1780095186219	4546.71	4546.97		0	0	134	26
2026.05.29	22:53:06.222	1780095186222	4546.69	4546.97		0	0	130	28
2026.05.29	22:53:06.231	1780095186231	4546.74	4547.02		0	0	134	28
2026.05.29	22:53:06.237	1780095186237	4546.78	4547.06		0	0	134	28
2026.05.29	22:53:06.238	1780095186238	4546.91	4547.19		0	0	134	28
2026.05.29	22:53:06.238	1780095186238	4546.98	4547.26		0	0	134	28
2026.05.29	22:53:06.246	1780095186246	4547.02	4547.30		0	0	134	28
2026.05.29	22:53:06.246	1780095186246	4547.10	4547.37		0	0	134	27
2026.05.29	22:53:06.248	1780095186248	4547.10	4547.38		0	0	4	28
2026.05.29	22:53:06.255	1780095186255	4547.13	4547.47		0	0	134	34
2026.05.29	22:53:06.285	1780095186285	4547.00	4547.28		0	0	134	28
2026.05.29	22:53:06.288	1780095186288	4547.07	4547.35		0	0	134	28
2026.05.29	22:53:06.501	1780095186501	4547.15	4547.43		0	0	134	28
2026.05.29	22:53:06.501	1780095186501	4547.16	4547.44		0	0	134	28
2026.05.29	22:53:06.508	1780095186508	4547.15	4547.43		0	0	134	28
2026.05.29	22:53:06.509	1780095186509	4547.14	4547.42		0	0	134	28
2026.05.29	22:53:06.514	1780095186514	4547.16	4547.44		0	0	134	28
2026.05.29	22:53:06.520	1780095186520	4547.17	4547.45		0	0	134	28
2026.05.29	22:53:06.522	1780095186522	4547.19	4547.47		0	0	134	28
2026.05.29	22:53:06.533	1780095186533	4547.18	4547.46		0	0	134	28
2026.05.29	22:53:06.545	1780095186545	4547.15	4547.43		0	0	134	28
2026.05.29	22:53:06.546	1780095186546	4547.16	4547.44		0	0	134	28
2026.05.29	22:53:06.547	1780095186547	4547.17	4547.45		0	0	134	28
2026.05.29	22:53:06.558	1780095186558	4547.15	4547.43		0	0	134	28
2026.05.29	22:53:06.561	1780095186561	4547.17	4547.45		0	0	134	28
2026.05.29	22:53:06.571	1780095186571	4547.15	4547.43		0	0	134	28
2026.05.29	22:53:06.573	1780095186573	4547.20	4547.47		0	0	134	27
2026.05.29	22:53:06.616	1780095186616	4547.09	4547.37		0	0	134	28
2026.05.29	22:53:06.833	1780095186833	4547.01	4547.29		0	0	134	28
2026.05.29	22:53:06.942	1780095186942	4547.02	4547.30		0	0	134	28
2026.05.29	22:53:07.162	1780095187162	4547.03	4547.31		0	0	134	28
2026.05.29	22:53:07.600	1780095187600	4547.04	4547.32		0	0	134	28
2026.05.29	22:53:07.708	1780095187708	4547.05	4547.33		0	0	134	28
2026.05.29	22:53:08.037	1780095188037	4547.04	4547.32		0	0	134	28
2026.05.29	22:53:08.364	1780095188364	4547.05	4547.33		0	0	134	28
2026.05.29	22:53:08.789	1780095188789	4547.10	4547.38		0	0	134	28
2026.05.29	22:53:08.804	1780095188804	4547.15	4547.43		0	0	134	28
2026.05.29	22:53:08.912	1780095188912	4547.17	4547.45		0	0	134	28
2026.05.29	22:53:09.021	1780095189021	4547.16	4547.42		0	0	134	26
2026.05.29	22:53:09.129	1780095189129	4547.09	4547.37		0	0	134	28
2026.05.29	22:53:09.143	1780095189143	4546.89	4547.17		0	0	134	28
2026.05.29	22:53:09.144	1780095189144	4546.87	4547.15		0	0	134	28
2026.05.29	22:53:09.146	1780095189146	4546.88	4547.16		0	0	134	28
2026.05.29	22:53:09.147	1780095189147	4546.85	4547.13		0	0	134	28
2026.05.29	22:53:09.148	1780095189148	4546.84	4547.12		0	0	134	28
2026.05.29	22:53:09.165	1780095189165	4546.83	4547.11		0	0	134	28
2026.05.29	22:53:09.179	1780095189179	4546.81	4547.09		0	0	134	28
2026.05.29	22:53:09.180	1780095189180	4546.79	4547.07		0	0	134	28
2026.05.29	22:53:09.193	1780095189193	4546.78	4547.06		0	0	134	28
2026.05.29	22:53:09.196	1780095189196	4546.77	4547.05		0	0	134	28
2026.05.29	22:53:09.197	1780095189197	4546.75	4547.03		0	0	134	28
2026.05.29	22:53:09.198	1780095189198	4546.78	4547.06		0	0	134	28
2026.05.29	22:53:09.201	1780095189201	4546.77	4547.05		0	0	134	28
2026.05.29	22:53:09.205	1780095189205	4546.80	4547.07		0	0	134	27
2026.05.29	22:53:09.206	1780095189206	4546.78	4547.06		0	0	134	28
2026.05.29	22:53:09.207	1780095189207	4546.79	4547.07		0	0	134	28
2026.05.29	22:53:09.239	1780095189239	4546.84	4547.12		0	0	134	28
2026.05.29	22:53:09.279	1780095189279	4546.75	4547.03		0	0	134	28
2026.05.29	22:53:09.286	1780095189286	4546.81	4547.09		0	0	134	28
2026.05.29	22:53:09.288	1780095189288	4546.82	4547.08		0	0	134	26
2026.05.29	22:53:09.289	1780095189289	4546.82	4547.10		0	0	4	28
2026.05.29	22:53:09.290	1780095189290	4546.84	4547.12		0	0	134	28
2026.05.29	22:53:09.291	1780095189291	4546.85	4547.13		0	0	134	28
2026.05.29	22:53:09.291	1780095189291	4546.81	4547.09		0	0	134	28
2026.05.29	22:53:09.295	1780095189295	4546.79	4547.07		0	0	134	28
2026.05.29	22:53:09.298	1780095189298	4546.81	4547.09		0	0	134	28
2026.05.29	22:53:09.309	1780095189309	4546.82	4547.09		0	0	130	27
2026.05.29	22:53:09.311	1780095189311	4546.83	4547.11		0	0	134	28
2026.05.29	22:53:09.333	1780095189333	4546.84	4547.12		0	0	134	28
2026.05.29	22:53:09.348	1780095189348	4546.82	4547.10		0	0	134	28
2026.05.29	22:53:09.677	1780095189677	4546.77	4547.04		0	0	134	27
2026.05.29	22:53:10.162	1780095190162	4547.05	4547.30		0	0	134	25
2026.05.29	22:53:10.163	1780095190163	4547.16	4547.44		0	0	134	28
2026.05.29	22:53:10.164	1780095190164	4547.07	4547.35		0	0	134	28
2026.05.29	22:53:10.164	1780095190164	4547.14	4547.42		0	0	134	28
2026.05.29	22:53:10.165	1780095190165	4547.07	4547.35		0	0	134	28
2026.05.29	22:53:10.166	1780095190166	4546.98	4547.26		0	0	134	28
2026.05.29	22:53:10.167	1780095190167	4547.03	4547.31		0	0	134	28
2026.05.29	22:53:10.168	1780095190168	4547.07	4547.35		0	0	134	28
2026.05.29	22:53:10.170	1780095190170	4547.08	4547.35		0	0	130	27
2026.05.29	22:53:10.172	1780095190172	4547.16	4547.42		0	0	134	26
2026.05.29	22:53:10.184	1780095190184	4547.15	4547.43		0	0	134	28
2026.05.29	22:53:10.185	1780095190185	4547.11	4547.39		0	0	134	28
2026.05.29	22:53:10.185	1780095190185	4547.10	4547.38		0	0	134	28
2026.05.29	22:53:10.186	1780095190186	4547.14	4547.44		0	0	134	30
2026.05.29	22:53:10.186	1780095190186	4547.13	4547.42		0	0	134	29
2026.05.29	22:53:10.188	1780095190188	4547.12	4547.40		0	0	134	28
2026.05.29	22:53:10.190	1780095190190	4547.13	4547.41		0	0	134	28
2026.05.29	22:53:10.207	1780095190207	4547.09	4547.37		0	0	134	28
2026.05.29	22:53:10.216	1780095190216	4547.04	4547.32		0	0	134	28
2026.05.29	22:53:10.227	1780095190227	4547.15	4547.43		0	0	134	28
2026.05.29	22:53:10.335	1780095190335	4547.12	4547.40		0	0	134	28
2026.05.29	22:53:10.410	1780095190410	4547.01	4547.29		0	0	134	28
2026.05.29	22:53:10.416	1780095190416	4546.97	4547.25		0	0	134	28
2026.05.29	22:53:10.418	1780095190418	4546.98	4547.26		0	0	134	28
2026.05.29	22:53:10.421	1780095190421	4547.00	4547.28		0	0	134	28
2026.05.29	22:53:10.422	1780095190422	4547.01	4547.29		0	0	134	28
2026.05.29	22:53:10.439	1780095190439	4547.03	4547.29		0	0	130	26
2026.05.29	22:53:10.444	1780095190444	4546.98	4547.26		0	0	134	28
2026.05.29	22:53:10.557	1780095190557	4546.97	4547.25		0	0	134	28
2026.05.29	22:53:10.558	1780095190558	4546.95	4547.23		0	0	134	28
2026.05.29	22:53:10.561	1780095190561	4546.92	4547.20		0	0	134	28
2026.05.29	22:53:10.562	1780095190562	4546.91	4547.19		0	0	134	28
2026.05.29	22:53:10.562	1780095190562	4546.86	4547.14		0	0	134	28
2026.05.29	22:53:10.563	1780095190563	4546.89	4547.17		0	0	134	28
2026.05.29	22:53:10.563	1780095190563	4546.90	4547.18		0	0	134	28
2026.05.29	22:53:10.565	1780095190565	4546.92	4547.20		0	0	134	28
2026.05.29	22:53:10.567	1780095190567	4546.91	4547.19		0	0	134	28
2026.05.29	22:53:10.569	1780095190569	4546.88	4547.16		0	0	134	28
2026.05.29	22:53:10.574	1780095190574	4546.94	4547.20		0	0	134	26
2026.05.29	22:53:10.666	1780095190666	4546.89	4547.17		0	0	134	28
2026.05.29	22:53:10.773	1780095190773	4546.94	4547.22		0	0	134	28
2026.05.29	22:53:10.991	1780095190991	4546.92	4547.18		0	0	134	26
2026.05.29	22:53:11.099	1780095191099	4546.89	4547.17		0	0	134	28
2026.05.29	22:53:11.316	1780095191316	4546.87	4547.15		0	0	134	28
2026.05.29	22:53:11.426	1780095191426	4546.90	4547.18		0	0	134	28
2026.05.29	22:53:11.536	1780095191536	4547.01	4547.29		0	0	134	28
2026.05.29	22:53:11.646	1780095191646	4546.97	4547.25		0	0	134	28
2026.05.29	22:53:11.972	1780095191972	4546.99	4547.24		0	0	134	25
2026.05.29	22:53:12.193	1780095192193	4546.97	4547.25		0	0	134	28
2026.05.29	22:53:12.305	1780095192305	4547.13	4547.41		0	0	134	28
2026.05.29	22:53:12.414	1780095192414	4547.19	4547.47		0	0	134	28
2026.05.29	22:53:12.959	1780095192959	4547.18	4547.46		0	0	134	28
2026.05.29	22:53:13.288	1780095193288	4547.17	4547.42		0	0	134	25
2026.05.29	22:53:13.504	1780095193504	4547.17	4547.45		0	0	4	28
2026.05.29	22:53:13.612	1780095193612	4547.11	4547.39		0	0	134	28
2026.05.29	22:53:13.722	1780095193722	4547.09	4547.37		0	0	134	28
2026.05.29	22:53:13.940	1780095193940	4547.06	4547.34		0	0	134	28
2026.05.29	22:53:14.270	1780095194270	4547.02	4547.28		0	0	134	26
2026.05.29	22:53:14.598	1780095194598	4547.05	4547.33		0	0	134	28
2026.05.29	22:53:14.817	1780095194817	4547.03	4547.31		0	0	134	28
2026.05.29	22:53:15.034	1780095195034	4547.15	4547.43		0	0	134	28
2026.05.29	22:53:15.147	1780095195147	4547.34	4547.62		0	0	134	28
2026.05.29	22:53:15.213	1780095195213	4547.27	4547.55		0	0	134	28
2026.05.29	22:53:15.215	1780095195215	4547.26	4547.54		0	0	134	28
2026.05.29	22:53:15.256	1780095195256	4547.25	4547.53		0	0	134	28
2026.05.29	22:53:15.580	1780095195580	4547.23	4547.51		0	0	134	28
2026.05.29	22:53:15.689	1780095195689	4547.21	4547.49		0	0	134	28
2026.05.29	22:53:15.800	1780095195800	4547.09	4547.37		0	0	134	28
2026.05.29	22:53:15.909	1780095195909	4547.10	4547.38		0	0	134	28
2026.05.29	22:53:16.130	1780095196130	4547.12	4547.40		0	0	134	28
2026.05.29	22:53:16.239	1780095196239	4547.15	4547.43		0	0	134	28
2026.05.29	22:53:16.455	1780095196455	4547.10	4547.38		0	0	134	28
2026.05.29	22:53:16.892	1780095196892	4547.11	4547.39		0	0	134	28
2026.05.29	22:53:17.219	1780095197219	4546.99	4547.27		0	0	134	28
2026.05.29	22:53:17.222	1780095197222	4546.97	4547.25		0	0	134	28
2026.05.29	22:53:17.223	1780095197223	4547.01	4547.29		0	0	134	28
2026.05.29	22:53:17.331	1780095197331	4546.84	4547.12		0	0	134	28
2026.05.29	22:53:17.422	1780095197422	4546.68	4546.96		0	0	134	28
2026.05.29	22:53:17.423	1780095197423	4546.67	4546.95		0	0	134	28
2026.05.29	22:53:17.429	1780095197429	4546.66	4546.94		0	0	134	28
2026.05.29	22:53:17.429	1780095197429	4546.64	4546.92		0	0	134	28
2026.05.29	22:53:17.430	1780095197430	4546.62	4546.90		0	0	134	28
2026.05.29	22:53:17.431	1780095197431	4546.61	4546.89		0	0	134	28
2026.05.29	22:53:17.440	1780095197440	4546.76	4547.04		0	0	134	28
2026.05.29	22:53:17.494	1780095197494	4546.82	4547.10		0	0	134	28
2026.05.29	22:53:17.498	1780095197498	4546.81	4547.09		0	0	134	28
2026.05.29	22:53:17.500	1780095197500	4546.84	4547.12		0	0	134	28
2026.05.29	22:53:17.506	1780095197506	4546.85	4547.11		0	0	134	26
2026.05.29	22:53:17.518	1780095197518	4546.83	4547.11		0	0	130	28
2026.05.29	22:53:17.518	1780095197518	4546.82	4547.10		0	0	134	28
2026.05.29	22:53:17.542	1780095197542	4546.81	4547.09		0	0	134	28
2026.05.29	22:53:17.543	1780095197543	4546.81	4547.08		0	0	4	27
2026.05.29	22:53:17.544	1780095197544	4546.78	4547.06		0	0	134	28
2026.05.29	22:53:17.549	1780095197549	4546.80	4547.08		0	0	134	28
2026.05.29	22:53:17.658	1780095197658	4546.81	4547.09		0	0	134	28
2026.05.29	22:53:17.767	1780095197767	4546.98	4547.26		0	0	134	28
2026.05.29	22:53:17.877	1780095197877	4546.97	4547.25		0	0	134	28
2026.05.29	22:53:17.985	1780095197985	4546.95	4547.23		0	0	134	28
2026.05.29	22:53:18.203	1780095198203	4546.92	4547.20		0	0	134	28
2026.05.29	22:53:18.314	1780095198314	4546.91	4547.19		0	0	134	28
2026.05.29	22:53:18.533	1780095198533	4546.88	4547.16		0	0	134	28
2026.05.29	22:53:19.188	1780095199188	4546.87	4547.15		0	0	134	28
2026.05.29	22:53:19.297	1780095199297	4546.86	4547.14		0	0	134	28
2026.05.29	22:53:19.407	1780095199407	4546.88	4547.16		0	0	134	28
2026.05.29	22:53:19.846	1780095199846	4546.89	4547.16		0	0	130	27
2026.05.29	22:53:19.954	1780095199954	4546.87	4547.15		0	0	134	28
2026.05.29	22:53:20.173	1780095200173	4546.77	4547.06		0	0	134	29
2026.05.29	22:53:20.218	1780095200218	4546.71	4547.00		0	0	134	29
2026.05.29	22:53:20.283	1780095200283	4546.65	4546.93		0	0	134	28
2026.05.29	22:53:20.393	1780095200393	4546.66	4546.94		0	0	134	28
2026.05.29	22:53:20.609	1780095200609	4546.62	4546.90		0	0	134	28
2026.05.29	22:53:20.828	1780095200828	4546.61	4546.89		0	0	134	28
2026.05.29	22:53:21.156	1780095201156	4546.52	4546.80		0	0	134	28
2026.05.29	22:53:21.376	1780095201376	4546.44	4546.72		0	0	134	28
2026.05.29	22:53:21.485	1780095201485	4546.47	4546.75		0	0	134	28
2026.05.29	22:53:21.578	1780095201578	4546.70	4546.98		0	0	134	28
2026.05.29	22:53:21.596	1780095201596	4546.77	4547.05		0	0	134	28
2026.05.29	22:53:21.706	1780095201706	4546.78	4547.06		0	0	134	28
2026.05.29	22:53:21.995	1780095201995	4546.72	4547.00		0	0	134	28
2026.05.29	22:53:21.996	1780095201996	4546.70	4546.98		0	0	134	28
2026.05.29	22:53:21.999	1780095201999	4546.69	4546.96		0	0	134	27
2026.05.29	22:53:22.001	1780095202001	4546.67	4546.95		0	0	134	28
2026.05.29	22:53:22.030	1780095202030	4546.73	4547.01		0	0	134	28
2026.05.29	22:53:22.193	1780095202193	4546.77	4547.04		0	0	134	27
2026.05.29	22:53:22.198	1780095202198	4546.78	4547.06		0	0	134	28
2026.05.29	22:53:22.201	1780095202201	4546.75	4547.03		0	0	134	28
2026.05.29	22:53:22.237	1780095202237	4546.74	4547.02		0	0	134	28
2026.05.29	22:53:22.249	1780095202249	4546.73	4547.01		0	0	134	28
2026.05.29	22:53:22.360	1780095202360	4546.71	4546.99		0	0	134	28
2026.05.29	22:53:22.577	1780095202577	4546.73	4547.01		0	0	134	28
2026.05.29	22:53:23.124	1780095203124	4546.70	4546.98		0	0	134	28
2026.05.29	22:53:23.454	1780095203454	4546.61	4546.87		0	0	134	26
2026.05.29	22:53:23.780	1780095203780	4546.57	4546.83		0	0	134	26
2026.05.29	22:53:23.893	1780095203893	4546.50	4546.78		0	0	134	28
2026.05.29	22:53:24.109	1780095204109	4546.46	4546.74		0	0	134	28
2026.05.29	22:53:24.327	1780095204327	4546.44	4546.71		0	0	134	27
2026.05.29	22:53:24.657	1780095204657	4546.45	4546.73		0	0	134	28
2026.05.29	22:53:24.983	1780095204983	4546.41	4546.69		0	0	134	28
2026.05.29	22:53:25.421	1780095205421	4546.46	4546.74		0	0	134	28
2026.05.29	22:53:25.529	1780095205529	4546.47	4546.75		0	0	134	28
2026.05.29	22:53:25.641	1780095205641	4546.53	4546.81		0	0	134	28
2026.05.29	22:53:25.968	1780095205968	4546.52	4546.80		0	0	134	28
2026.05.29	22:53:26.076	1780095206076	4546.50	4546.78		0	0	134	28
2026.05.29	22:53:26.296	1780095206296	4546.48	4546.76		0	0	134	28
2026.05.29	22:53:26.405	1780095206405	4546.46	4546.74		0	0	134	28
2026.05.29	22:53:26.951	1780095206951	4546.50	4546.78		0	0	134	28
2026.05.29	22:53:27.060	1780095207060	4546.47	4546.75		0	0	134	28
2026.05.29	22:53:27.169	1780095207169	4546.49	4546.77		0	0	134	28
2026.05.29	22:53:27.280	1780095207280	4546.48	4546.75		0	0	134	27
2026.05.29	22:53:27.389	1780095207389	4546.48	4546.76		0	0	4	28
2026.05.29	22:53:27.497	1780095207497	4546.46	4546.74		0	0	134	28
2026.05.29	22:53:27.716	1780095207716	4546.49	4546.77		0	0	134	28
2026.05.29	22:53:27.934	1780095207934	4546.56	4546.84		0	0	134	28
2026.05.29	22:53:28.485	1780095208485	4546.54	4546.82		0	0	134	28
2026.05.29	22:53:28.593	1780095208593	4546.53	4546.81		0	0	134	28
2026.05.29	22:53:28.812	1780095208812	4546.56	4546.84		0	0	134	28
2026.05.29	22:53:28.922	1780095208922	4546.54	4546.80		0	0	134	26
2026.05.29	22:53:29.030	1780095209030	4546.50	4546.78		0	0	134	28
2026.05.29	22:53:29.357	1780095209357	4546.51	4546.79		0	0	134	28
2026.05.29	22:53:29.574	1780095209574	4546.78	4547.06		0	0	134	28
2026.05.29	22:53:29.683	1780095209683	4546.77	4547.05		0	0	134	28
2026.05.29	22:53:29.794	1780095209794	4546.76	4547.03		0	0	134	27
2026.05.29	22:53:30.012	1780095210012	4546.74	4547.02		0	0	134	28
2026.05.29	22:53:30.122	1780095210122	4546.71	4546.99		0	0	134	28
2026.05.29	22:53:30.183	1780095210183	4546.93	4547.21		0	0	134	28
2026.05.29	22:53:30.186	1780095210186	4546.94	4547.22		0	0	134	28
2026.05.29	22:53:30.201	1780095210201	4546.96	4547.24		0	0	134	28
2026.05.29	22:53:30.221	1780095210221	4546.95	4547.23		0	0	134	28
2026.05.29	22:53:30.221	1780095210221	4546.96	4547.24		0	0	134	28
2026.05.29	22:53:30.235	1780095210235	4546.86	4547.14		0	0	134	28
2026.05.29	22:53:30.558	1780095210558	4546.97	4547.25		0	0	134	28
2026.05.29	22:53:30.668	1780095210668	4546.99	4547.27		0	0	134	28
2026.05.29	22:53:30.886	1780095210886	4547.02	4547.30		0	0	134	28
2026.05.29	22:53:30.996	1780095210996	4547.01	4547.29		0	0	134	28
2026.05.29	22:53:31.105	1780095211105	4546.90	4547.18		0	0	134	28
2026.05.29	22:53:31.323	1780095211323	4546.82	4547.10		0	0	134	28
2026.05.29	22:53:31.436	1780095211436	4546.81	4547.09		0	0	134	28
2026.05.29	22:53:31.541	1780095211541	4546.89	4547.17		0	0	134	28
2026.05.29	22:53:31.764	1780095211764	4546.82	4547.10		0	0	134	28
2026.05.29	22:53:32.090	1780095212090	4546.86	4547.14		0	0	134	28
2026.05.29	22:53:32.309	1780095212309	4546.85	4547.13		0	0	134	28
2026.05.29	22:53:32.419	1780095212419	4546.84	4547.12		0	0	134	28
2026.05.29	22:53:32.529	1780095212529	4546.83	4547.11		0	0	134	28
2026.05.29	22:53:33.621	1780095213621	4546.82	4547.10		0	0	134	28
2026.05.29	22:53:33.838	1780095213838	4546.81	4547.09		0	0	134	28
2026.05.29	22:53:34.057	1780095214057	4546.79	4547.07		0	0	134	28
2026.05.29	22:53:34.168	1780095214168	4546.78	4547.06		0	0	134	28
2026.05.29	22:53:34.386	1780095214386	4546.79	4547.07		0	0	134	28
2026.05.29	22:53:34.605	1780095214605	4546.68	4546.96		0	0	134	28
2026.05.29	22:53:34.931	1780095214931	4546.75	4547.03		0	0	134	28
2026.05.29	22:53:35.041	1780095215041	4546.77	4547.05		0	0	134	28
2026.05.29	22:53:35.369	1780095215369	4546.75	4547.03		0	0	134	28
2026.05.29	22:53:35.697	1780095215697	4546.75	4547.02		0	0	4	27
2026.05.29	22:53:36.354	1780095216354	4546.73	4547.01		0	0	134	28
2026.05.29	22:53:36.681	1780095216681	4546.72	4547.00		0	0	134	28
2026.05.29	22:53:36.790	1780095216790	4546.69	4546.97		0	0	134	28
2026.05.29	22:53:36.901	1780095216901	4546.66	4546.94		0	0	134	28
2026.05.29	22:53:37.449	1780095217449	4546.61	4546.89		0	0	134	28
2026.05.29	22:53:38.103	1780095218103	4546.59	4546.87		0	0	134	28
2026.05.29	22:53:38.649	1780095218649	4546.60	4546.88		0	0	134	28
2026.05.29	22:53:38.868	1780095218868	4546.61	4546.89		0	0	134	28
2026.05.29	22:53:38.981	1780095218981	4546.63	4546.91		0	0	134	28
2026.05.29	22:53:39.527	1780095219527	4546.68	4546.96		0	0	134	28
2026.05.29	22:53:39.634	1780095219634	4546.70	4546.98		0	0	134	28
2026.05.29	22:53:39.962	1780095219962	4546.69	4546.97		0	0	134	28
2026.05.29	22:53:40.073	1780095220073	4546.72	4546.98		0	0	134	26
2026.05.29	22:53:40.183	1780095220183	4546.71	4546.98		0	0	130	27
2026.05.29	22:53:40.253	1780095220253	4546.44	4546.72		0	0	134	28
2026.05.29	22:53:40.269	1780095220269	4546.43	4546.71		0	0	134	28
2026.05.29	22:53:40.269	1780095220269	4546.44	4546.72		0	0	134	28
2026.05.29	22:53:40.283	1780095220283	4546.41	4546.69		0	0	134	28
2026.05.29	22:53:40.285	1780095220285	4546.40	4546.68		0	0	134	28
2026.05.29	22:53:40.290	1780095220290	4546.46	4546.75		0	0	134	29
2026.05.29	22:53:40.293	1780095220293	4546.52	4546.81		0	0	134	29
2026.05.29	22:53:40.400	1780095220400	4546.44	4546.72		0	0	134	28
2026.05.29	22:53:40.620	1780095220620	4546.32	4546.60		0	0	134	28
2026.05.29	22:53:40.839	1780095220839	4546.25	4546.53		0	0	134	28
2026.05.29	22:53:40.946	1780095220946	4546.23	4546.51		0	0	134	28
2026.05.29	22:53:41.164	1780095221164	4546.43	4546.71		0	0	134	28
2026.05.29	22:53:41.273	1780095221273	4546.42	4546.70		0	0	134	28
2026.05.29	22:53:41.602	1780095221602	4546.37	4546.65		0	0	134	28
2026.05.29	22:53:41.820	1780095221820	4546.32	4546.60		0	0	134	28
2026.05.29	22:53:42.258	1780095222258	4546.35	4546.63		0	0	134	28
2026.05.29	22:53:42.696	1780095222696	4546.36	4546.64		0	0	134	28
2026.05.29	22:53:42.803	1780095222803	4546.49	4546.77		0	0	134	28
2026.05.29	22:53:43.133	1780095223133	4546.54	4546.80		0	0	134	26
2026.05.29	22:53:43.460	1780095223460	4546.52	4546.80		0	0	130	28
2026.05.29	22:53:43.789	1780095223789	4546.47	4546.75		0	0	134	28
2026.05.29	22:53:43.897	1780095223897	4546.48	4546.76		0	0	134	28
2026.05.29	22:53:44.117	1780095224117	4546.47	4546.75		0	0	134	28
2026.05.29	22:53:44.225	1780095224225	4546.45	4546.73		0	0	134	28
2026.05.29	22:53:44.336	1780095224336	4546.41	4546.69		0	0	134	28
2026.05.29	22:53:44.773	1780095224773	4546.45	4546.73		0	0	134	28
2026.05.29	22:53:44.991	1780095224991	4546.46	4546.74		0	0	134	28
2026.05.29	22:53:45.102	1780095225102	4546.42	4546.70		0	0	134	28
2026.05.29	22:53:45.215	1780095225215	4546.40	4546.68		0	0	134	28
2026.05.29	22:53:45.321	1780095225321	4546.37	4546.65		0	0	134	28
2026.05.29	22:53:45.429	1780095225429	4546.39	4546.64		0	0	134	25
2026.05.29	22:53:45.537	1780095225537	4546.39	4546.67		0	0	4	28
2026.05.29	22:53:46.195	1780095226195	4546.38	4546.65		0	0	134	27
2026.05.29	22:53:46.304	1780095226304	4546.36	4546.64		0	0	134	28
2026.05.29	22:53:46.520	1780095226520	4546.39	4546.67		0	0	134	28
2026.05.29	22:53:46.631	1780095226631	4546.37	4546.65		0	0	134	28
2026.05.29	22:53:46.851	1780095226851	4546.36	4546.64		0	0	134	28
2026.05.29	22:53:47.069	1780095227069	4546.33	4546.61		0	0	134	28
2026.05.29	22:53:47.832	1780095227832	4546.47	4546.75		0	0	134	28
2026.05.29	22:53:48.379	1780095228379	4546.45	4546.73		0	0	134	28
2026.05.29	22:53:48.490	1780095228490	4546.43	4546.71		0	0	134	28
2026.05.29	22:53:48.708	1780095228708	4546.41	4546.69		0	0	134	28
2026.05.29	22:53:48.926	1780095228926	4546.42	4546.70		0	0	134	28
2026.05.29	22:53:49.145	1780095229145	4546.41	4546.67		0	0	134	26
2026.05.29	22:53:49.253	1780095229253	4546.38	4546.66		0	0	134	28
2026.05.29	22:53:49.365	1780095229365	4546.37	4546.65		0	0	134	28
2026.05.29	22:53:49.472	1780095229472	4546.33	4546.61		0	0	134	28
2026.05.29	22:53:49.583	1780095229583	4546.34	4546.62		0	0	134	28
2026.05.29	22:53:49.803	1780095229803	4546.52	4546.80		0	0	134	28
2026.05.29	22:53:49.912	1780095229912	4546.53	4546.81		0	0	134	28
2026.05.29	22:53:50.241	1780095230241	4546.45	4546.73		0	0	134	28
2026.05.29	22:53:50.349	1780095230349	4546.44	4546.72		0	0	134	28
2026.05.29	22:53:50.566	1780095230566	4546.42	4546.69		0	0	134	27
2026.05.29	22:53:50.785	1780095230785	4546.29	4546.57		0	0	134	28
2026.05.29	22:53:50.894	1780095230894	4546.35	4546.63		0	0	134	28
2026.05.29	22:53:51.222	1780095231222	4546.37	4546.65		0	0	134	28
2026.05.29	22:53:51.662	1780095231662	4546.35	4546.63		0	0	134	28
2026.05.29	22:53:51.770	1780095231770	4546.38	4546.65		0	0	134	27
2026.05.29	22:53:52.096	1780095232096	4546.36	4546.64		0	0	134	28
2026.05.29	22:53:52.205	1780095232205	4546.37	4546.65		0	0	134	28
2026.05.29	22:53:52.424	1780095232424	4546.40	4546.68		0	0	134	28
2026.05.29	22:53:52.752	1780095232752	4546.38	4546.66		0	0	134	28
2026.05.29	22:53:53.079	1780095233079	4546.34	4546.62		0	0	134	28
2026.05.29	22:53:53.299	1780095233299	4546.36	4546.64		0	0	134	28
2026.05.29	22:53:53.955	1780095233955	4546.31	4546.59		0	0	134	28
2026.05.29	22:53:54.064	1780095234064	4546.30	4546.58		0	0	134	28
2026.05.29	22:53:54.283	1780095234283	4546.28	4546.56		0	0	134	28
2026.05.29	22:53:54.502	1780095234502	4546.27	4546.55		0	0	134	28
2026.05.29	22:53:54.610	1780095234610	4546.26	4546.54		0	0	134	28
2026.05.29	22:53:54.720	1780095234720	4546.27	4546.55		0	0	134	28
2026.05.29	22:53:55.267	1780095235267	4546.27	4546.54		0	0	4	27
2026.05.29	22:53:55.377	1780095235377	4546.25	4546.53		0	0	134	28
2026.05.29	22:53:55.690	1780095235690	4546.27	4546.55		0	0	134	28
2026.05.29	22:53:55.691	1780095235691	4546.26	4546.54		0	0	134	28
2026.05.29	22:53:55.692	1780095235692	4546.23	4546.51		0	0	134	28
2026.05.29	22:53:55.695	1780095235695	4546.24	4546.52		0	0	134	28
2026.05.29	22:53:55.704	1780095235704	4546.27	4546.55		0	0	134	28
2026.05.29	22:53:55.813	1780095235813	4546.28	4546.56		0	0	134	28
2026.05.29	22:53:55.924	1780095235924	4546.41	4546.68		0	0	134	27
2026.05.29	22:53:56.250	1780095236250	4546.36	4546.64		0	0	134	28
2026.05.29	22:53:56.470	1780095236470	4546.29	4546.55		0	0	134	26
2026.05.29	22:53:56.580	1780095236580	4546.30	4546.58		0	0	134	28
2026.05.29	22:53:56.799	1780095236799	4546.31	4546.59		0	0	134	28
2026.05.29	22:53:56.907	1780095236907	4546.32	4546.59		0	0	130	27
2026.05.29	22:53:57.124	1780095237124	4546.30	4546.58		0	0	134	28
2026.05.29	22:53:57.454	1780095237454	4546.26	4546.54		0	0	134	28
2026.05.29	22:53:57.608	1780095237608	4546.35	4546.63		0	0	134	28
2026.05.29	22:53:57.608	1780095237608	4546.36	4546.64		0	0	134	28
2026.05.29	22:53:57.624	1780095237624	4546.38	4546.65		0	0	134	27
2026.05.29	22:53:57.628	1780095237628	4546.36	4546.64		0	0	134	28
2026.05.29	22:53:57.670	1780095237670	4546.38	4546.66		0	0	134	28
2026.05.29	22:53:57.889	1780095237889	4546.39	4546.67		0	0	134	28
2026.05.29	22:53:57.999	1780095237999	4546.41	4546.69		0	0	134	28
2026.05.29	22:53:58.327	1780095238327	4546.42	4546.70		0	0	134	28
2026.05.29	22:53:58.985	1780095238985	4546.36	4546.64		0	0	134	28
2026.05.29	22:53:59.312	1780095239312	4546.28	4546.56		0	0	134	28
2026.05.29	22:53:59.421	1780095239421	4546.31	4546.59		0	0	134	28
2026.05.29	22:53:59.824	1780095239824	4546.09	4546.37		0	0	134	28
2026.05.29	22:53:59.830	1780095239830	4546.13	4546.41		0	0	134	28
2026.05.29	22:53:59.836	1780095239836	4546.15	4546.43		0	0	134	28
2026.05.29	22:53:59.845	1780095239845	4546.14	4546.42		0	0	134	28
2026.05.29	22:53:59.860	1780095239860	4546.15	4546.43		0	0	134	28
2026.05.29	22:53:59.865	1780095239865	4546.12	4546.39		0	0	134	27
2026.05.29	22:53:59.969	1780095239969	4546.12	4546.40		0	0	4	28
2026.05.29	22:54:00.077	1780095240077	4546.16	4546.44		0	0	134	28
2026.05.29	22:54:00.164	1780095240164	4545.91	4546.19		0	0	134	28
2026.05.29	22:54:00.189	1780095240189	4545.96	4546.24		0	0	134	28
2026.05.29	22:54:00.251	1780095240251	4546.01	4546.29		0	0	134	28
2026.05.29	22:54:00.251	1780095240251	4546.03	4546.31		0	0	134	28
2026.05.29	22:54:00.267	1780095240267	4546.02	4546.30		0	0	134	28
2026.05.29	22:54:00.301	1780095240301	4546.06	4546.34		0	0	134	28
2026.05.29	22:54:00.407	1780095240407	4546.01	4546.29		0	0	134	28
2026.05.29	22:54:00.624	1780095240624	4546.00	4546.28		0	0	134	28
2026.05.29	22:54:00.955	1780095240955	4545.99	4546.27		0	0	134	28
2026.05.29	22:54:01.172	1780095241172	4546.03	4546.31		0	0	134	28
2026.05.29	22:54:01.279	1780095241279	4546.01	4546.29		0	0	134	28
2026.05.29	22:54:01.390	1780095241390	4546.06	4546.34		0	0	134	28
2026.05.29	22:54:01.718	1780095241718	4546.04	4546.32		0	0	134	28
2026.05.29	22:54:01.827	1780095241827	4546.11	4546.39		0	0	134	28
2026.05.29	22:54:02.045	1780095242045	4546.12	4546.40		0	0	134	28
2026.05.29	22:54:02.156	1780095242156	4546.03	4546.31		0	0	134	28
2026.05.29	22:54:02.266	1780095242266	4546.01	4546.29		0	0	134	28
2026.05.29	22:54:02.374	1780095242374	4545.98	4546.26		0	0	134	28
2026.05.29	22:54:02.483	1780095242483	4546.03	4546.31		0	0	134	28
2026.05.29	22:54:02.592	1780095242592	4546.02	4546.30		0	0	134	28
2026.05.29	22:54:02.809	1780095242809	4546.01	4546.28		0	0	134	27
2026.05.29	22:54:03.249	1780095243249	4546.01	4546.29		0	0	4	28
2026.05.29	22:54:03.359	1780095243359	4545.99	4546.27		0	0	134	28
2026.05.29	22:54:03.468	1780095243468	4545.96	4546.24		0	0	134	28
2026.05.29	22:54:03.686	1780095243686	4545.96	4546.23		0	0	4	27
2026.05.29	22:54:03.794	1780095243794	4545.95	4546.23		0	0	130	28
2026.05.29	22:54:03.903	1780095243903	4546.02	4546.29		0	0	134	27
2026.05.29	22:54:04.232	1780095244232	4545.89	4546.17		0	0	134	28
2026.05.29	22:54:04.342	1780095244342	4545.87	4546.15		0	0	134	28
2026.05.29	22:54:04.560	1780095244560	4545.86	4546.14		0	0	134	28
2026.05.29	22:54:04.668	1780095244668	4545.87	4546.15		0	0	134	28
2026.05.29	22:54:04.889	1780095244889	4545.82	4546.10		0	0	134	28
2026.05.29	22:54:04.997	1780095244997	4545.77	4546.05		0	0	134	28
2026.05.29	22:54:05.216	1780095245216	4545.75	4546.03		0	0	134	28
2026.05.29	22:54:05.324	1780095245324	4545.82	4546.10		0	0	134	28
2026.05.29	22:54:05.543	1780095245543	4545.83	4546.11		0	0	134	28
2026.05.29	22:54:06.018	1780095246018	4545.58	4545.86		0	0	134	28
2026.05.29	22:54:06.022	1780095246022	4545.60	4545.88		0	0	134	28
2026.05.29	22:54:06.089	1780095246089	4545.62	4545.88		0	0	130	26
2026.05.29	22:54:06.198	1780095246198	4545.66	4545.94		0	0	134	28
2026.05.29	22:54:06.420	1780095246420	4545.67	4545.95		0	0	134	28
2026.05.29	22:54:06.528	1780095246528	4545.75	4546.03		0	0	134	28
2026.05.29	22:54:06.638	1780095246638	4545.76	4546.04		0	0	134	28
2026.05.29	22:54:07.075	1780095247075	4545.78	4546.06		0	0	134	28
2026.05.29	22:54:07.184	1780095247184	4545.75	4546.03		0	0	134	28
2026.05.29	22:54:07.292	1780095247292	4545.67	4545.95		0	0	134	28
2026.05.29	22:54:07.513	1780095247513	4545.75	4546.01		0	0	134	26
2026.05.29	22:54:07.732	1780095247732	4545.81	4546.09		0	0	134	28
2026.05.29	22:54:07.842	1780095247842	4545.87	4546.15		0	0	134	28
2026.05.29	22:54:07.949	1780095247949	4545.89	4546.17		0	0	134	28
2026.05.29	22:54:08.168	1780095248168	4545.87	4546.15		0	0	134	28
2026.05.29	22:54:08.278	1780095248278	4545.81	4546.09		0	0	134	28
2026.05.29	22:54:08.606	1780095248606	4545.83	4546.11		0	0	134	28
2026.05.29	22:54:08.713	1780095248713	4545.85	4546.13		0	0	134	28
2026.05.29	22:54:08.825	1780095248825	4545.81	4546.09		0	0	134	28
2026.05.29	22:54:08.934	1780095248934	4545.76	4546.04		0	0	134	28
2026.05.29	22:54:09.041	1780095249041	4545.77	4546.05		0	0	134	28
2026.05.29	22:54:09.151	1780095249151	4545.78	4546.06		0	0	134	28
2026.05.29	22:54:09.369	1780095249369	4545.76	4546.04		0	0	134	28
2026.05.29	22:54:09.480	1780095249480	4545.74	4546.02		0	0	134	28
2026.05.29	22:54:10.191	1780095250191	4546.00	4546.28		0	0	134	28
2026.05.29	22:54:10.192	1780095250192	4546.23	4546.51		0	0	134	28
2026.05.29	22:54:10.195	1780095250195	4546.26	4546.54		0	0	134	28
2026.05.29	22:54:10.196	1780095250196	4546.28	4546.59		0	0	134	31
2026.05.29	22:54:10.203	1780095250203	4546.31	4546.60		0	0	134	29
2026.05.29	22:54:10.205	1780095250205	4546.35	4546.73		0	0	134	38
2026.05.29	22:54:10.205	1780095250205	4546.40	4546.74		0	0	134	34
2026.05.29	22:54:10.208	1780095250208	4546.39	4546.70		0	0	134	31
2026.05.29	22:54:10.210	1780095250210	4546.36	4546.64		0	0	134	28
2026.05.29	22:54:10.210	1780095250210	4546.37	4546.65		0	0	134	28
2026.05.29	22:54:10.211	1780095250211	4546.39	4546.70		0	0	134	31
2026.05.29	22:54:10.224	1780095250224	4546.33	4546.61		0	0	134	28
2026.05.29	22:54:10.233	1780095250233	4546.09	4546.37		0	0	134	28
2026.05.29	22:54:10.243	1780095250243	4545.97	4546.25		0	0	134	28
2026.05.29	22:54:10.247	1780095250247	4546.20	4546.48		0	0	134	28
2026.05.29	22:54:10.282	1780095250282	4546.36	4546.81		0	0	134	45
2026.05.29	22:54:10.293	1780095250293	4546.35	4546.79		0	0	134	44
2026.05.29	22:54:10.294	1780095250294	4546.34	4546.76		0	0	134	42
2026.05.29	22:54:10.304	1780095250304	4546.32	4546.60		0	0	134	28
2026.05.29	22:54:10.311	1780095250311	4546.22	4546.56		0	0	134	34
2026.05.29	22:54:10.312	1780095250312	4546.25	4546.66		0	0	134	41
2026.05.29	22:54:10.313	1780095250313	4546.28	4546.74		0	0	134	46
2026.05.29	22:54:10.332	1780095250332	4546.26	4546.54		0	0	134	28
2026.05.29	22:54:10.332	1780095250332	4546.23	4546.51		0	0	134	28
2026.05.29	22:54:10.344	1780095250344	4546.25	4546.53		0	0	134	28
2026.05.29	22:54:10.352	1780095250352	4546.26	4546.52		0	0	134	26
2026.05.29	22:54:10.357	1780095250357	4545.99	4546.26		0	0	134	27
2026.05.29	22:54:10.466	1780095250466	4545.97	4546.25		0	0	134	28
2026.05.29	22:54:10.710	1780095250710	4545.77	4546.05		0	0	134	28
2026.05.29	22:54:10.715	1780095250715	4545.74	4546.02		0	0	134	28
2026.05.29	22:54:10.718	1780095250718	4545.73	4546.01		0	0	134	28
2026.05.29	22:54:10.719	1780095250719	4545.72	4546.00		0	0	134	28
2026.05.29	22:54:10.721	1780095250721	4545.73	4546.01		0	0	134	28
2026.05.29	22:54:10.725	1780095250725	4545.75	4546.03		0	0	134	28
2026.05.29	22:54:10.752	1780095250752	4545.74	4546.02		0	0	134	28
2026.05.29	22:54:10.756	1780095250756	4545.76	4546.03		0	0	134	27
2026.05.29	22:54:10.763	1780095250763	4545.73	4546.01		0	0	134	28
2026.05.29	22:54:10.773	1780095250773	4545.69	4545.97		0	0	134	28
2026.05.29	22:54:10.777	1780095250777	4545.68	4545.95		0	0	134	27
2026.05.29	22:54:10.793	1780095250793	4545.82	4546.10		0	0	134	28
2026.05.29	22:54:10.841	1780095250841	4545.78	4546.06		0	0	134	28
2026.05.29	22:54:10.873	1780095250873	4545.77	4546.05		0	0	134	28
2026.05.29	22:54:10.873	1780095250873	4545.78	4546.06		0	0	134	28
2026.05.29	22:54:10.903	1780095250903	4545.79	4546.07		0	0	134	28
2026.05.29	22:54:11.232	1780095251232	4545.82	4546.09		0	0	134	27
2026.05.29	22:54:11.339	1780095251339	4545.78	4546.06		0	0	134	28
2026.05.29	22:54:11.887	1780095251887	4545.80	4546.08		0	0	134	28
2026.05.29	22:54:12.104	1780095252104	4545.81	4546.09		0	0	134	28
2026.05.29	22:54:12.325	1780095252325	4545.76	4546.04		0	0	134	28
2026.05.29	22:54:12.432	1780095252432	4545.75	4546.03		0	0	134	28
2026.05.29	22:54:12.543	1780095252543	4545.84	4546.12		0	0	134	28
2026.05.29	22:54:12.650	1780095252650	4545.87	4546.15		0	0	134	28
2026.05.29	22:54:12.731	1780095252731	4545.88	4546.16		0	0	134	28
2026.05.29	22:54:12.750	1780095252750	4545.87	4546.15		0	0	134	28
2026.05.29	22:54:12.753	1780095252753	4545.89	4546.17		0	0	134	28
2026.05.29	22:54:12.762	1780095252762	4545.94	4546.22		0	0	134	28
2026.05.29	22:54:12.870	1780095252870	4545.95	4546.23		0	0	134	28
2026.05.29	22:54:12.978	1780095252978	4545.96	4546.24		0	0	134	28
2026.05.29	22:54:13.507	1780095253507	4546.03	4546.31		0	0	134	28
2026.05.29	22:54:13.514	1780095253514	4546.06	4546.34		0	0	134	28
2026.05.29	22:54:13.526	1780095253526	4546.09	4546.37		0	0	134	28
2026.05.29	22:54:13.853	1780095253853	4546.08	4546.36		0	0	134	28
2026.05.29	22:54:14.185	1780095254185	4546.02	4546.30		0	0	134	28
2026.05.29	22:54:14.401	1780095254401	4545.96	4546.24		0	0	134	28
2026.05.29	22:54:14.508	1780095254508	4545.87	4546.15		0	0	134	28
2026.05.29	22:54:14.840	1780095254840	4545.85	4546.13		0	0	134	28
2026.05.29	22:54:15.274	1780095255274	4545.79	4546.07		0	0	134	28
2026.05.29	22:54:15.385	1780095255385	4545.81	4546.09		0	0	134	28
2026.05.29	22:54:16.149	1780095256149	4545.78	4546.06		0	0	134	28
2026.05.29	22:54:16.261	1780095256261	4545.81	4546.09		0	0	134	28
2026.05.29	22:54:16.368	1780095256368	4545.78	4546.06		0	0	134	28
2026.05.29	22:54:16.477	1780095256477	4545.77	4546.04		0	0	134	27
2026.05.29	22:54:16.804	1780095256804	4545.71	4545.99		0	0	134	28
2026.05.29	22:54:17.025	1780095257025	4545.80	4546.08		0	0	134	28
2026.05.29	22:54:17.133	1780095257133	4545.79	4546.07		0	0	134	28
2026.05.29	22:54:17.460	1780095257460	4545.77	4546.05		0	0	134	28
2026.05.29	22:54:17.897	1780095257897	4545.78	4546.06		0	0	134	28
2026.05.29	22:54:18.335	1780095258335	4545.80	4546.08		0	0	134	28
2026.05.29	22:54:18.555	1780095258555	4545.79	4546.07		0	0	134	28
2026.05.29	22:54:18.665	1780095258665	4545.80	4546.06		0	0	134	26
2026.05.29	22:54:18.971	1780095258971	4545.68	4545.96		0	0	134	28
2026.05.29	22:54:18.993	1780095258993	4545.78	4546.06		0	0	134	28
2026.05.29	22:54:19.101	1780095259101	4545.70	4545.98		0	0	134	28
2026.05.29	22:54:19.538	1780095259538	4545.68	4545.96		0	0	134	28
2026.05.29	22:54:20.520	1780095260520	4545.67	4545.95		0	0	134	28
2026.05.29	22:54:20.632	1780095260632	4545.81	4546.09		0	0	134	28
2026.05.29	22:54:20.743	1780095260743	4545.92	4546.20		0	0	134	28
2026.05.29	22:54:20.853	1780095260853	4545.95	4546.23		0	0	134	28
2026.05.29	22:54:20.959	1780095260959	4545.97	4546.25		0	0	134	28
2026.05.29	22:54:21.288	1780095261288	4545.87	4546.15		0	0	134	28
2026.05.29	22:54:21.506	1780095261506	4545.84	4546.12		0	0	134	28
2026.05.29	22:54:21.615	1780095261615	4545.83	4546.11		0	0	134	28
2026.05.29	22:54:21.832	1780095261832	4545.81	4546.09		0	0	134	28
2026.05.29	22:54:21.942	1780095261942	4545.81	4546.07		0	0	4	26
2026.05.29	22:54:22.053	1780095262053	4545.74	4546.02		0	0	134	28
2026.05.29	22:54:22.162	1780095262162	4545.73	4546.01		0	0	134	28
2026.05.29	22:54:22.380	1780095262380	4545.79	4546.07		0	0	134	28
2026.05.29	22:54:22.489	1780095262489	4545.85	4546.13		0	0	134	28
2026.05.29	22:54:22.815	1780095262815	4545.83	4546.11		0	0	134	28
2026.05.29	22:54:22.818	1780095262818	4545.82	4546.10		0	0	134	28
2026.05.29	22:54:22.927	1780095262927	4545.71	4545.99		0	0	134	28
2026.05.29	22:54:23.035	1780095263035	4545.70	4545.98		0	0	134	28
2026.05.29	22:54:23.144	1780095263144	4545.78	4546.06		0	0	134	28
2026.05.29	22:54:23.254	1780095263254	4545.82	4546.10		0	0	134	28
2026.05.29	22:54:23.692	1780095263692	4545.77	4546.05		0	0	134	28
2026.05.29	22:54:23.911	1780095263911	4545.79	4546.07		0	0	134	28
2026.05.29	22:54:24.021	1780095264021	4545.80	4546.08		0	0	134	28
2026.05.29	22:54:24.240	1780095264240	4545.82	4546.09		0	0	134	27
2026.05.29	22:54:24.456	1780095264456	4545.81	4546.09		0	0	130	28
2026.05.29	22:54:24.785	1780095264785	4545.91	4546.19		0	0	134	28
2026.05.29	22:54:24.895	1780095264895	4545.88	4546.16		0	0	134	28
2026.05.29	22:54:24.965	1780095264965	4545.92	4546.20		0	0	134	28
2026.05.29	22:54:24.975	1780095264975	4545.93	4546.21		0	0	134	28
2026.05.29	22:54:24.985	1780095264985	4545.95	4546.23		0	0	134	28
2026.05.29	22:54:25.004	1780095265004	4546.01	4546.29		0	0	134	28
2026.05.29	22:54:25.074	1780095265074	4545.90	4546.18		0	0	134	28
2026.05.29	22:54:25.079	1780095265079	4545.94	4546.22		0	0	134	28
2026.05.29	22:54:25.080	1780095265080	4545.95	4546.23		0	0	134	28
2026.05.29	22:54:25.084	1780095265084	4545.96	4546.24		0	0	134	28
2026.05.29	22:54:25.113	1780095265113	4545.95	4546.23		0	0	134	28
2026.05.29	22:54:25.221	1780095265221	4545.96	4546.24		0	0	134	28
2026.05.29	22:54:25.769	1780095265769	4545.94	4546.22		0	0	134	28
2026.05.29	22:54:25.878	1780095265878	4545.95	4546.23		0	0	134	28
2026.05.29	22:54:26.207	1780095266207	4545.98	4546.26		0	0	134	28
2026.05.29	22:54:26.754	1780095266754	4545.97	4546.25		0	0	134	28
2026.05.29	22:54:26.971	1780095266971	4545.96	4546.24		0	0	134	28
2026.05.29	22:54:27.081	1780095267081	4545.95	4546.23		0	0	134	28
2026.05.29	22:54:27.301	1780095267301	4546.03	4546.31		0	0	134	28
2026.05.29	22:54:27.410	1780095267410	4546.04	4546.32		0	0	134	28
2026.05.29	22:54:28.077	1780095268077	4546.02	4546.30		0	0	134	28
2026.05.29	22:54:28.107	1780095268107	4545.99	4546.27		0	0	134	28
2026.05.29	22:54:28.117	1780095268117	4545.97	4546.25		0	0	134	28
2026.05.29	22:54:28.160	1780095268160	4546.01	4546.29		0	0	134	28
2026.05.29	22:54:28.165	1780095268165	4546.02	4546.30		0	0	134	28
2026.05.29	22:54:28.178	1780095268178	4546.02	4546.29		0	0	4	27
2026.05.29	22:54:28.287	1780095268287	4545.94	4546.22		0	0	134	28
2026.05.29	22:54:28.503	1780095268503	4546.21	4546.49		0	0	134	28
2026.05.29	22:54:28.611	1780095268611	4546.31	4546.59		0	0	134	28
2026.05.29	22:54:28.721	1780095268721	4546.43	4546.71		0	0	134	28
2026.05.29	22:54:28.832	1780095268832	4546.52	4546.80		0	0	134	28
2026.05.29	22:54:28.945	1780095268945	4546.57	4546.85		0	0	134	28
2026.05.29	22:54:29.051	1780095269051	4546.64	4546.92		0	0	134	28
2026.05.29	22:54:29.160	1780095269160	4546.59	4546.87		0	0	134	28
2026.05.29	22:54:29.270	1780095269270	4546.62	4546.90		0	0	134	28
2026.05.29	22:54:29.596	1780095269596	4546.58	4546.86		0	0	134	28
2026.05.29	22:54:29.815	1780095269815	4546.59	4546.87		0	0	134	28
2026.05.29	22:54:30.132	1780095270132	4546.47	4546.75		0	0	134	28
2026.05.29	22:54:30.134	1780095270134	4546.46	4546.74		0	0	134	28
2026.05.29	22:54:30.142	1780095270142	4546.42	4546.70		0	0	134	28
2026.05.29	22:54:30.144	1780095270144	4546.51	4546.79		0	0	134	28
2026.05.29	22:54:30.190	1780095270190	4546.48	4546.75		0	0	134	27
2026.05.29	22:54:30.194	1780095270194	4546.39	4546.70		0	0	134	31
2026.05.29	22:54:30.195	1780095270195	4546.41	4546.75		0	0	134	34
2026.05.29	22:54:30.196	1780095270196	4546.39	4546.70		0	0	134	31
2026.05.29	22:54:30.201	1780095270201	4546.38	4546.70		0	0	130	32
2026.05.29	22:54:30.203	1780095270203	4546.39	4546.73		0	0	134	34
2026.05.29	22:54:30.207	1780095270207	4546.41	4546.75		0	0	134	34
2026.05.29	22:54:30.207	1780095270207	4546.40	4546.74		0	0	134	34
2026.05.29	22:54:30.208	1780095270208	4546.41	4546.74		0	0	130	33
2026.05.29	22:54:30.209	1780095270209	4546.39	4546.73		0	0	134	34
2026.05.29	22:54:30.209	1780095270209	4546.37	4546.71		0	0	134	34
2026.05.29	22:54:30.210	1780095270210	4546.35	4546.68		0	0	134	33
2026.05.29	22:54:30.214	1780095270214	4546.23	4546.53		0	0	134	30
2026.05.29	22:54:30.214	1780095270214	4546.28	4546.58		0	0	134	30
2026.05.29	22:54:30.214	1780095270214	4546.22	4546.53		0	0	134	31
2026.05.29	22:54:30.219	1780095270219	4546.20	4546.52		0	0	134	32
2026.05.29	22:54:30.219	1780095270219	4546.19	4546.51		0	0	134	32
2026.05.29	22:54:30.220	1780095270220	4546.22	4546.53		0	0	134	31
2026.05.29	22:54:30.224	1780095270224	4546.20	4546.52		0	0	134	32
2026.05.29	22:54:30.247	1780095270247	4546.22	4546.50		0	0	134	28
2026.05.29	22:54:30.258	1780095270258	4546.08	4546.36		0	0	134	28
2026.05.29	22:54:30.364	1780095270364	4546.06	4546.34		0	0	134	28
2026.05.29	22:54:30.472	1780095270472	4546.04	4546.32		0	0	134	28
2026.05.29	22:54:30.581	1780095270581	4546.14	4546.41		0	0	134	27
2026.05.29	22:54:30.692	1780095270692	4546.16	4546.44		0	0	134	28
2026.05.29	22:54:31.017	1780095271017	4546.12	4546.40		0	0	134	28
2026.05.29	22:54:31.236	1780095271236	4546.31	4546.59		0	0	134	28
2026.05.29	22:54:31.345	1780095271345	4546.33	4546.60		0	0	134	27
2026.05.29	22:54:31.563	1780095271563	4546.35	4546.63		0	0	134	28
2026.05.29	22:54:31.782	1780095271782	4546.23	4546.51		0	0	134	28
2026.05.29	22:54:31.894	1780095271894	4546.19	4546.47		0	0	134	28
2026.05.29	22:54:32.223	1780095272223	4546.15	4546.43		0	0	134	28
2026.05.29	22:54:32.332	1780095272332	4546.14	4546.42		0	0	134	28
2026.05.29	22:54:33.095	1780095273095	4546.16	4546.44		0	0	134	28
2026.05.29	22:54:33.205	1780095273205	4546.14	4546.42		0	0	134	28
2026.05.29	22:54:33.750	1780095273750	4546.14	4546.39		0	0	4	25
2026.05.29	22:54:34.297	1780095274297	4546.12	4546.40		0	0	134	28
2026.05.29	22:54:34.517	1780095274517	4546.11	4546.37		0	0	134	26
2026.05.29	22:54:36.484	1780095276484	4546.14	4546.42		0	0	134	28
2026.05.29	22:54:36.593	1780095276593	4546.17	4546.44		0	0	134	27
2026.05.29	22:54:36.923	1780095276923	4546.21	4546.49		0	0	134	28
2026.05.29	22:54:37.251	1780095277251	4546.14	4546.42		0	0	134	28
2026.05.29	22:54:38.127	1780095278127	4546.15	4546.43		0	0	134	28
2026.05.29	22:54:38.344	1780095278344	4546.12	4546.40		0	0	134	28
2026.05.29	22:54:38.454	1780095278454	4546.11	4546.38		0	0	134	27
2026.05.29	22:54:38.914	1780095278914	4545.91	4546.19		0	0	134	28
2026.05.29	22:54:38.920	1780095278920	4545.92	4546.20		0	0	134	28
2026.05.29	22:54:38.945	1780095278945	4545.93	4546.21		0	0	134	28
2026.05.29	22:54:38.948	1780095278948	4545.92	4546.20		0	0	134	28
2026.05.29	22:54:38.978	1780095278978	4545.89	4546.17		0	0	134	28
2026.05.29	22:54:39.000	1780095279000	4546.00	4546.28		0	0	134	28
2026.05.29	22:54:39.108	1780095279108	4545.99	4546.26		0	0	134	27
2026.05.29	22:54:39.330	1780095279330	4545.84	4546.12		0	0	134	28
2026.05.29	22:54:39.440	1780095279440	4545.85	4546.13		0	0	134	28
2026.05.29	22:54:39.548	1780095279548	4545.86	4546.14		0	0	134	28
2026.05.29	22:54:39.768	1780095279768	4545.84	4546.12		0	0	134	28
2026.05.29	22:54:39.877	1780095279877	4545.81	4546.09		0	0	134	28
2026.05.29	22:54:39.985	1780095279985	4545.84	4546.12		0	0	134	28
2026.05.29	22:54:40.087	1780095280087	4546.02	4546.29		0	0	134	27
2026.05.29	22:54:40.088	1780095280088	4546.00	4546.28		0	0	134	28
2026.05.29	22:54:40.096	1780095280096	4545.98	4546.26		0	0	134	28
2026.05.29	22:54:40.205	1780095280205	4545.87	4546.15		0	0	134	28
2026.05.29	22:54:40.314	1780095280314	4545.93	4546.21		0	0	134	28
2026.05.29	22:54:40.531	1780095280531	4545.88	4546.15		0	0	134	27
2026.05.29	22:54:40.860	1780095280860	4545.86	4546.14		0	0	134	28
2026.05.29	22:54:41.078	1780095281078	4545.82	4546.10		0	0	134	28
2026.05.29	22:54:41.188	1780095281188	4545.84	4546.12		0	0	134	28
2026.05.29	22:54:41.625	1780095281625	4545.81	4546.09		0	0	134	28
2026.05.29	22:54:41.953	1780095281953	4545.82	4546.10		0	0	134	28
2026.05.29	22:54:42.063	1780095282063	4545.89	4546.17		0	0	134	28
2026.05.29	22:54:42.171	1780095282171	4545.87	4546.15		0	0	134	28
2026.05.29	22:54:42.252	1780095282252	4545.81	4546.09		0	0	134	28
2026.05.29	22:54:42.280	1780095282280	4545.79	4546.07		0	0	134	28
2026.05.29	22:54:42.300	1780095282300	4545.80	4546.08		0	0	134	28
2026.05.29	22:54:42.301	1780095282301	4545.81	4546.09		0	0	134	28
2026.05.29	22:54:42.312	1780095282312	4545.80	4546.08		0	0	134	28
2026.05.29	22:54:42.313	1780095282313	4545.79	4546.07		0	0	134	28
2026.05.29	22:54:42.321	1780095282321	4545.81	4546.09		0	0	134	28
2026.05.29	22:54:42.341	1780095282341	4545.79	4546.07		0	0	134	28
2026.05.29	22:54:42.342	1780095282342	4545.77	4546.05		0	0	134	28
2026.05.29	22:54:42.343	1780095282343	4545.78	4546.06		0	0	134	28
2026.05.29	22:54:42.350	1780095282350	4545.79	4546.07		0	0	134	28
2026.05.29	22:54:42.351	1780095282351	4545.80	4546.08		0	0	134	28
2026.05.29	22:54:42.358	1780095282358	4545.81	4546.09		0	0	134	28
2026.05.29	22:54:42.361	1780095282361	4545.82	4546.10		0	0	134	28
2026.05.29	22:54:42.372	1780095282372	4545.83	4546.11		0	0	134	28
2026.05.29	22:54:42.390	1780095282390	4545.92	4546.18		0	0	134	26
2026.05.29	22:54:42.615	1780095282615	4545.97	4546.24		0	0	134	27
2026.05.29	22:54:42.616	1780095282616	4545.91	4546.19		0	0	134	28
2026.05.29	22:54:42.702	1780095282702	4545.91	4546.17		0	0	4	26
2026.05.29	22:54:42.711	1780095282711	4545.89	4546.17		0	0	130	28
2026.05.29	22:54:42.716	1780095282716	4545.82	4546.09		0	0	134	27
2026.05.29	22:54:42.826	1780095282826	4545.87	4546.15		0	0	134	28
2026.05.29	22:54:42.937	1780095282937	4545.90	4546.18		0	0	134	28
2026.05.29	22:54:43.152	1780095283152	4545.84	4546.12		0	0	134	28
2026.05.29	22:54:43.354	1780095283354	4545.78	4546.06		0	0	134	28
2026.05.29	22:54:43.356	1780095283356	4545.81	4546.09		0	0	134	28
2026.05.29	22:54:43.374	1780095283374	4545.90	4546.18		0	0	134	28
2026.05.29	22:54:43.591	1780095283591	4545.87	4546.15		0	0	134	28
2026.05.29	22:54:43.701	1780095283701	4545.84	4546.11		0	0	134	27
2026.05.29	22:54:43.810	1780095283810	4545.90	4546.18		0	0	134	28
2026.05.29	22:54:43.920	1780095283920	4545.91	4546.19		0	0	134	28
2026.05.29	22:54:44.030	1780095284030	4545.92	4546.20		0	0	134	28
2026.05.29	22:54:44.142	1780095284142	4546.09	4546.36		0	0	134	27
2026.05.29	22:54:44.250	1780095284250	4546.10	4546.38		0	0	134	28
2026.05.29	22:54:44.577	1780095284577	4546.07	4546.35		0	0	134	28
2026.05.29	22:54:45.123	1780095285123	4546.15	4546.43		0	0	134	28
2026.05.29	22:54:45.233	1780095285233	4546.11	4546.39		0	0	134	28
2026.05.29	22:54:45.561	1780095285561	4546.05	4546.33		0	0	134	28
2026.05.29	22:54:45.670	1780095285670	4546.04	4546.32		0	0	134	28
2026.05.29	22:54:45.780	1780095285780	4546.03	4546.31		0	0	134	28
2026.05.29	22:54:45.887	1780095285887	4546.02	4546.30		0	0	134	28
2026.05.29	22:54:45.997	1780095285997	4546.01	4546.29		0	0	134	28
2026.05.29	22:54:46.106	1780095286106	4546.00	4546.28		0	0	134	28
2026.05.29	22:54:46.434	1780095286434	4546.27	4546.55		0	0	134	28
2026.05.29	22:54:46.434	1780095286434	4546.26	4546.54		0	0	134	28
2026.05.29	22:54:46.542	1780095286542	4546.27	4546.55		0	0	134	28
2026.05.29	22:54:46.761	1780095286761	4546.21	4546.49		0	0	134	28
2026.05.29	22:54:47.089	1780095287089	4546.20	4546.48		0	0	134	28
2026.05.29	22:54:47.198	1780095287198	4546.12	4546.40		0	0	134	28
2026.05.29	22:54:47.526	1780095287526	4546.11	4546.39		0	0	134	28
2026.05.29	22:54:47.636	1780095287636	4546.10	4546.38		0	0	134	28
2026.05.29	22:54:47.857	1780095287857	4546.08	4546.36		0	0	134	28
2026.05.29	22:54:48.184	1780095288184	4546.09	4546.36		0	0	130	27
2026.05.29	22:54:49.081	1780095289081	4546.13	4546.41		0	0	134	28
2026.05.29	22:54:49.083	1780095289083	4546.14	4546.42		0	0	134	28
2026.05.29	22:54:49.157	1780095289157	4546.13	4546.41		0	0	134	28
2026.05.29	22:54:49.168	1780095289168	4546.08	4546.36		0	0	134	28
2026.05.29	22:54:49.388	1780095289388	4546.19	4546.47		0	0	134	28
2026.05.29	22:54:49.604	1780095289604	4546.20	4546.48		0	0	134	28
2026.05.29	22:54:49.713	1780095289713	4546.21	4546.49		0	0	134	28
2026.05.29	22:54:50.044	1780095290044	4546.37	4546.65		0	0	134	28
2026.05.29	22:54:50.144	1780095290144	4546.27	4546.55		0	0	134	28
2026.05.29	22:54:50.145	1780095290145	4546.25	4546.53		0	0	134	28
2026.05.29	22:54:50.146	1780095290146	4546.22	4546.50		0	0	134	28
2026.05.29	22:54:50.148	1780095290148	4546.17	4546.45		0	0	134	28
2026.05.29	22:54:50.153	1780095290153	4546.25	4546.53		0	0	134	28
2026.05.29	22:54:50.153	1780095290153	4546.24	4546.52		0	0	134	28
2026.05.29	22:54:50.154	1780095290154	4546.17	4546.48		0	0	134	31
2026.05.29	22:54:50.206	1780095290206	4546.37	4546.65		0	0	134	28
2026.05.29	22:54:50.213	1780095290213	4546.36	4546.64		0	0	134	28
2026.05.29	22:54:50.213	1780095290213	4546.37	4546.65		0	0	134	28
2026.05.29	22:54:50.223	1780095290223	4546.60	4546.98		0	0	134	38
2026.05.29	22:54:50.226	1780095290226	4546.75	4547.15		0	0	134	40
2026.05.29	22:54:50.227	1780095290227	4546.72	4547.14		0	0	134	42
2026.05.29	22:54:50.229	1780095290229	4546.72	4547.13		0	0	4	41
2026.05.29	22:54:50.229	1780095290229	4546.71	4547.10		0	0	134	39
2026.05.29	22:54:50.231	1780095290231	4546.70	4547.07		0	0	134	37
2026.05.29	22:54:50.232	1780095290232	4546.77	4547.08		0	0	134	31
2026.05.29	22:54:50.232	1780095290232	4546.75	4547.06		0	0	134	31
2026.05.29	22:54:50.232	1780095290232	4546.64	4547.02		0	0	134	38
2026.05.29	22:54:50.234	1780095290234	4546.63	4547.01		0	0	134	38
2026.05.29	22:54:50.234	1780095290234	4546.61	4546.94		0	0	134	33
2026.05.29	22:54:50.237	1780095290237	4546.64	4547.05		0	0	134	41
2026.05.29	22:54:50.237	1780095290237	4546.64	4547.03		0	0	4	39
2026.05.29	22:54:50.239	1780095290239	4546.62	4546.96		0	0	134	34
2026.05.29	22:54:50.240	1780095290240	4546.59	4546.89		0	0	134	30
2026.05.29	22:54:50.250	1780095290250	4546.51	4546.86		0	0	134	35
2026.05.29	22:54:50.251	1780095290251	4546.53	4546.87		0	0	134	34
2026.05.29	22:54:50.255	1780095290255	4546.55	4546.87		0	0	130	32
2026.05.29	22:54:50.255	1780095290255	4546.51	4546.86		0	0	134	35
2026.05.29	22:54:50.258	1780095290258	4546.54	4546.95		0	0	134	41
2026.05.29	22:54:50.259	1780095290259	4546.55	4546.95		0	0	130	40
2026.05.29	22:54:50.268	1780095290268	4546.49	4546.84		0	0	134	35
2026.05.29	22:54:50.308	1780095290308	4546.35	4546.61		0	0	134	26
2026.05.29	22:54:50.317	1780095290317	4546.36	4546.64		0	0	134	28
2026.05.29	22:54:50.346	1780095290346	4546.34	4546.62		0	0	134	28
2026.05.29	22:54:50.347	1780095290347	4546.35	4546.63		0	0	134	28
2026.05.29	22:54:50.366	1780095290366	4546.37	4546.65		0	0	134	28
2026.05.29	22:54:50.375	1780095290375	4546.62	4546.90		0	0	134	28
2026.05.29	22:54:50.473	1780095290473	4546.69	4546.97		0	0	134	28
2026.05.29	22:54:50.482	1780095290482	4546.62	4546.90		0	0	134	28
2026.05.29	22:54:50.572	1780095290572	4546.69	4546.97		0	0	134	28
2026.05.29	22:54:50.591	1780095290591	4546.65	4546.93		0	0	134	28
2026.05.29	22:54:51.026	1780095291026	4546.59	4546.87		0	0	134	28
2026.05.29	22:54:51.135	1780095291135	4546.61	4546.88		0	0	134	27
2026.05.29	22:54:51.246	1780095291246	4546.59	4546.87		0	0	134	28
2026.05.29	22:54:51.358	1780095291358	4546.70	4546.98		0	0	134	28
2026.05.29	22:54:51.575	1780095291575	4546.69	4546.97		0	0	134	28
2026.05.29	22:54:51.900	1780095291900	4546.67	4546.95		0	0	134	28
2026.05.29	22:54:52.009	1780095292009	4546.70	4546.98		0	0	134	28
2026.05.29	22:54:52.119	1780095292119	4546.76	4547.04		0	0	134	28
2026.05.29	22:54:52.337	1780095292337	4546.68	4546.96		0	0	134	28
2026.05.29	22:54:52.450	1780095292450	4546.66	4546.94		0	0	134	28
2026.05.29	22:54:52.665	1780095292665	4546.68	4546.96		0	0	134	28
2026.05.29	22:54:52.994	1780095292994	4546.64	4546.92		0	0	134	28
2026.05.29	22:54:53.105	1780095293105	4546.73	4547.01		0	0	134	28
2026.05.29	22:54:53.212	1780095293212	4546.74	4547.02		0	0	134	28
2026.05.29	22:54:53.431	1780095293431	4546.71	4546.99		0	0	134	28
2026.05.29	22:54:53.760	1780095293760	4546.75	4547.03		0	0	134	28
2026.05.29	22:54:54.310	1780095294310	4546.84	4547.12		0	0	134	28
2026.05.29	22:54:54.418	1780095294418	4546.85	4547.13		0	0	134	28
2026.05.29	22:54:54.527	1780095294527	4546.81	4547.09		0	0	134	28
2026.05.29	22:54:54.635	1780095294635	4546.78	4547.06		0	0	134	28
2026.05.29	22:54:54.743	1780095294743	4546.76	4547.04		0	0	134	28
2026.05.29	22:54:54.852	1780095294852	4546.73	4547.01		0	0	134	28
2026.05.29	22:54:55.182	1780095295182	4546.76	4547.04		0	0	134	28
2026.05.29	22:54:55.363	1780095295363	4546.50	4546.78		0	0	134	28
2026.05.29	22:54:55.372	1780095295372	4546.48	4546.75		0	0	134	27
2026.05.29	22:54:55.378	1780095295378	4546.45	4546.73		0	0	134	28
2026.05.29	22:54:55.388	1780095295388	4546.46	4546.74		0	0	134	28
2026.05.29	22:54:55.389	1780095295389	4546.53	4546.81		0	0	134	28
2026.05.29	22:54:55.402	1780095295402	4546.42	4546.68		0	0	134	26
2026.05.29	22:54:55.837	1780095295837	4546.41	4546.67		0	0	134	26
2026.05.29	22:54:55.947	1780095295947	4546.39	4546.67		0	0	130	28
2026.05.29	22:54:56.018	1780095296018	4546.24	4546.52		0	0	134	28
2026.05.29	22:54:56.056	1780095296056	4546.25	4546.53		0	0	134	28
2026.05.29	22:54:56.164	1780095296164	4546.28	4546.56		0	0	134	28
2026.05.29	22:54:56.272	1780095296272	4546.30	4546.55		0	0	134	25
2026.05.29	22:54:56.492	1780095296492	4546.29	4546.57		0	0	134	28
2026.05.29	22:54:56.601	1780095296601	4546.30	4546.58		0	0	134	28
2026.05.29	22:54:56.820	1780095296820	4546.21	4546.47		0	0	134	26
2026.05.29	22:54:56.929	1780095296929	4546.29	4546.57		0	0	134	28
2026.05.29	22:54:57.128	1780095297128	4546.32	4546.60		0	0	134	28
2026.05.29	22:54:57.138	1780095297138	4546.29	4546.57		0	0	134	28
2026.05.29	22:54:57.150	1780095297150	4546.28	4546.56		0	0	134	28
2026.05.29	22:54:57.156	1780095297156	4546.29	4546.57		0	0	134	28
2026.05.29	22:54:57.162	1780095297162	4546.28	4546.56		0	0	134	28
2026.05.29	22:54:57.168	1780095297168	4546.30	4546.58		0	0	134	28
2026.05.29	22:54:57.178	1780095297178	4546.29	4546.57		0	0	134	28
2026.05.29	22:54:57.188	1780095297188	4546.28	4546.56		0	0	134	28
2026.05.29	22:54:57.239	1780095297239	4546.27	4546.55		0	0	134	28
2026.05.29	22:54:57.256	1780095297256	4546.28	4546.56		0	0	134	28
2026.05.29	22:54:57.257	1780095297257	4546.27	4546.53		0	0	134	26
2026.05.29	22:54:57.368	1780095297368	4546.19	4546.47		0	0	134	28
2026.05.29	22:54:57.695	1780095297695	4546.21	4546.49		0	0	134	28
2026.05.29	22:54:57.913	1780095297913	4546.27	4546.55		0	0	134	28
2026.05.29	22:54:58.022	1780095298022	4546.34	4546.62		0	0	134	28
2026.05.29	22:54:58.132	1780095298132	4546.32	4546.60		0	0	134	28
2026.05.29	22:54:58.241	1780095298241	4546.33	4546.61		0	0	134	28
2026.05.29	22:54:58.350	1780095298350	4546.41	4546.67		0	0	134	26
2026.05.29	22:54:58.460	1780095298460	4546.42	4546.70		0	0	134	28
2026.05.29	22:54:58.679	1780095298679	4546.41	4546.69		0	0	134	28
2026.05.29	22:54:59.007	1780095299007	4546.42	4546.70		0	0	134	28
2026.05.29	22:54:59.334	1780095299334	4546.41	4546.69		0	0	134	28
2026.05.29	22:54:59.553	1780095299553	4546.42	4546.70		0	0	134	28
2026.05.29	22:54:59.664	1780095299664	4546.43	4546.71		0	0	134	28
2026.05.29	22:55:00.182	1780095300182	4546.70	4546.98		0	0	134	28
2026.05.29	22:55:00.182	1780095300182	4546.87	4547.15		0	0	134	28
2026.05.29	22:55:00.183	1780095300183	4546.91	4547.19		0	0	134	28
2026.05.29	22:55:00.184	1780095300184	4547.00	4547.28		0	0	134	28
2026.05.29	22:55:00.185	1780095300185	4547.02	4547.30		0	0	134	28
2026.05.29	22:55:00.190	1780095300190	4547.03	4547.31		0	0	134	28
2026.05.29	22:55:00.191	1780095300191	4547.07	4547.35		0	0	134	28
2026.05.29	22:55:00.192	1780095300192	4547.05	4547.33		0	0	134	28
2026.05.29	22:55:00.193	1780095300193	4547.04	4547.32		0	0	134	28
2026.05.29	22:55:00.195	1780095300195	4547.08	4547.36		0	0	134	28
2026.05.29	22:55:00.196	1780095300196	4547.09	4547.37		0	0	134	28
2026.05.29	22:55:00.197	1780095300197	4547.08	4547.36		0	0	134	28
2026.05.29	22:55:00.200	1780095300200	4547.07	4547.35		0	0	134	28
2026.05.29	22:55:00.201	1780095300201	4547.06	4547.34		0	0	134	28
2026.05.29	22:55:00.205	1780095300205	4547.08	4547.36		0	0	134	28
2026.05.29	22:55:00.205	1780095300205	4547.07	4547.34		0	0	134	27
2026.05.29	22:55:00.205	1780095300205	4547.08	4547.38		0	0	134	30
2026.05.29	22:55:00.206	1780095300206	4547.08	4547.39		0	0	4	31
2026.05.29	22:55:00.206	1780095300206	4547.12	4547.40		0	0	134	28
2026.05.29	22:55:00.213	1780095300213	4547.08	4547.39		0	0	134	31
2026.05.29	22:55:00.238	1780095300238	4546.82	4547.10		0	0	134	28
2026.05.29	22:55:00.239	1780095300239	4546.87	4547.15		0	0	134	28
2026.05.29	22:55:00.243	1780095300243	4547.14	4547.42		0	0	134	28
2026.05.29	22:55:00.249	1780095300249	4547.19	4547.47		0	0	134	28
2026.05.29	22:55:00.253	1780095300253	4547.23	4547.57		0	0	134	34
2026.05.29	22:55:00.257	1780095300257	4547.29	4547.59		0	0	134	30
2026.05.29	22:55:00.259	1780095300259	4547.30	4547.62		0	0	134	32
2026.05.29	22:55:00.261	1780095300261	4547.34	4547.62		0	0	130	28
2026.05.29	22:55:00.262	1780095300262	4547.41	4547.69		0	0	134	28
2026.05.29	22:55:00.262	1780095300262	4547.43	4547.73		0	0	134	30
2026.05.29	22:55:00.265	1780095300265	4547.35	4547.70		0	0	134	35
2026.05.29	22:55:00.269	1780095300269	4547.32	4547.69		0	0	134	37
2026.05.29	22:55:00.270	1780095300270	4547.43	4547.73		0	0	134	30
2026.05.29	22:55:00.272	1780095300272	4547.32	4547.69		0	0	134	37
2026.05.29	22:55:00.276	1780095300276	4547.38	4547.71		0	0	134	33
2026.05.29	22:55:00.277	1780095300277	4547.40	4547.73		0	0	134	33
2026.05.29	22:55:00.289	1780095300289	4547.37	4547.71		0	0	134	34
2026.05.29	22:55:00.291	1780095300291	4547.13	4547.41		0	0	134	28
2026.05.29	22:55:00.291	1780095300291	4547.10	4547.38		0	0	134	28
2026.05.29	22:55:00.295	1780095300295	4547.12	4547.40		0	0	134	28
2026.05.29	22:55:00.302	1780095300302	4547.11	4547.39		0	0	134	28
2026.05.29	22:55:00.303	1780095300303	4547.09	4547.37		0	0	134	28
2026.05.29	22:55:00.304	1780095300304	4547.08	4547.36		0	0	134	28
2026.05.29	22:55:00.306	1780095300306	4547.04	4547.32		0	0	134	28
2026.05.29	22:55:00.307	1780095300307	4547.06	4547.34		0	0	134	28
2026.05.29	22:55:00.312	1780095300312	4547.15	4547.43		0	0	134	28
2026.05.29	22:55:00.313	1780095300313	4547.21	4547.49		0	0	134	28
2026.05.29	22:55:00.322	1780095300322	4547.42	4547.70		0	0	134	28
2026.05.29	22:55:00.354	1780095300354	4547.66	4548.01		0	0	134	35
2026.05.29	22:55:00.354	1780095300354	4547.79	4548.12		0	0	134	33
2026.05.29	22:55:00.360	1780095300360	4547.76	4548.11		0	0	134	35
2026.05.29	22:55:00.361	1780095300361	4547.71	4548.09		0	0	134	38
2026.05.29	22:55:00.361	1780095300361	4547.67	4548.08		0	0	134	41
2026.05.29	22:55:00.373	1780095300373	4547.62	4548.06		0	0	134	44
2026.05.29	22:55:00.374	1780095300374	4547.61	4548.06		0	0	130	45
2026.05.29	22:55:00.378	1780095300378	4547.58	4548.03		0	0	134	45
2026.05.29	22:55:00.380	1780095300380	4547.61	4548.06		0	0	134	45
2026.05.29	22:55:00.381	1780095300381	4547.65	4548.07		0	0	134	42
2026.05.29	22:55:00.391	1780095300391	4547.68	4548.08		0	0	134	40
2026.05.29	22:55:00.392	1780095300392	4547.71	4548.09		0	0	134	38
2026.05.29	22:55:00.393	1780095300393	4547.74	4548.10		0	0	134	36
2026.05.29	22:55:00.394	1780095300394	4547.75	4548.11		0	0	134	36
2026.05.29	22:55:00.394	1780095300394	4547.79	4548.12		0	0	134	33
2026.05.29	22:55:00.395	1780095300395	4547.74	4548.10		0	0	134	36
2026.05.29	22:55:00.395	1780095300395	4547.75	4548.11		0	0	134	36
2026.05.29	22:55:00.397	1780095300397	4547.69	4548.09		0	0	134	40
2026.05.29	22:55:00.403	1780095300403	4547.77	4548.12		0	0	134	35
2026.05.29	22:55:00.405	1780095300405	4547.79	4548.18		0	0	134	39
2026.05.29	22:55:00.410	1780095300410	4547.78	4548.17		0	0	134	39
2026.05.29	22:55:00.410	1780095300410	4547.87	4548.21		0	0	134	34
2026.05.29	22:55:00.411	1780095300411	4547.86	4548.21		0	0	130	35
2026.05.29	22:55:00.412	1780095300412	4547.72	4548.16		0	0	134	44
2026.05.29	22:55:00.424	1780095300424	4547.66	4548.14		0	0	134	48
2026.05.29	22:55:00.425	1780095300425	4547.78	4548.18		0	0	134	40
2026.05.29	22:55:00.431	1780095300431	4547.81	4548.19		0	0	134	38
2026.05.29	22:55:00.432	1780095300432	4547.63	4548.01		0	0	134	38
2026.05.29	22:55:00.467	1780095300467	4547.63	4547.95		0	0	4	32
2026.05.29	22:55:00.479	1780095300479	4547.35	4547.63		0	0	134	28
2026.05.29	22:55:00.479	1780095300479	4547.40	4547.68		0	0	134	28
2026.05.29	22:55:00.483	1780095300483	4547.31	4547.59		0	0	134	28
2026.05.29	22:55:00.497	1780095300497	4547.34	4547.62		0	0	134	28
2026.05.29	22:55:00.503	1780095300503	4547.49	4547.77		0	0	134	28
2026.05.29	22:55:00.512	1780095300512	4547.35	4547.63		0	0	134	28
2026.05.29	22:55:00.514	1780095300514	4547.37	4547.64		0	0	134	27
2026.05.29	22:55:00.526	1780095300526	4547.35	4547.63		0	0	134	28
2026.05.29	22:55:00.540	1780095300540	4547.56	4547.84		0	0	134	28
2026.05.29	22:55:00.634	1780095300634	4547.49	4547.77		0	0	134	28
2026.05.29	22:55:00.636	1780095300636	4547.47	4547.74		0	0	134	27
2026.05.29	22:55:00.637	1780095300637	4547.43	4547.69		0	0	134	26
2026.05.29	22:55:00.638	1780095300638	4547.42	4547.70		0	0	134	28
2026.05.29	22:55:00.638	1780095300638	4547.43	4547.71		0	0	134	28
2026.05.29	22:55:00.649	1780095300649	4547.45	4547.73		0	0	134	28
2026.05.29	22:55:00.757	1780095300757	4547.47	4547.72		0	0	134	25
2026.05.29	22:55:00.866	1780095300866	4547.39	4547.67		0	0	134	28
2026.05.29	22:55:00.976	1780095300976	4547.36	4547.64		0	0	134	28
2026.05.29	22:55:01.086	1780095301086	4547.46	4547.74		0	0	134	28
2026.05.29	22:55:01.196	1780095301196	4547.61	4547.91		0	0	134	30
2026.05.29	22:55:01.283	1780095301283	4547.60	4547.88		0	0	134	28
2026.05.29	22:55:01.295	1780095301295	4547.61	4547.89		0	0	134	28
2026.05.29	22:55:01.307	1780095301307	4547.78	4548.06		0	0	134	28
2026.05.29	22:55:01.399	1780095301399	4547.64	4547.92		0	0	134	28
2026.05.29	22:55:01.400	1780095301400	4547.63	4547.91		0	0	134	28
2026.05.29	22:55:01.401	1780095301401	4547.64	4547.92		0	0	134	28
2026.05.29	22:55:01.402	1780095301402	4547.63	4547.91		0	0	134	28
2026.05.29	22:55:01.403	1780095301403	4547.61	4547.89		0	0	134	28
2026.05.29	22:55:01.416	1780095301416	4547.54	4547.82		0	0	134	28
2026.05.29	22:55:01.493	1780095301493	4547.48	4547.76		0	0	134	28
2026.05.29	22:55:01.499	1780095301499	4547.49	4547.77		0	0	134	28
2026.05.29	22:55:01.503	1780095301503	4547.48	4547.76		0	0	134	28
2026.05.29	22:55:01.523	1780095301523	4547.54	4547.82		0	0	134	28
2026.05.29	22:55:01.632	1780095301632	4547.64	4547.92		0	0	134	28
2026.05.29	22:55:01.741	1780095301741	4547.65	4547.93		0	0	134	28
2026.05.29	22:55:01.962	1780095301962	4547.64	4547.92		0	0	134	28
2026.05.29	22:55:02.069	1780095302069	4547.65	4547.93		0	0	134	28
2026.05.29	22:55:02.289	1780095302289	4547.59	4547.86		0	0	134	27
2026.05.29	22:55:02.335	1780095302335	4547.31	4547.59		0	0	134	28
2026.05.29	22:55:02.335	1780095302335	4547.29	4547.57		0	0	134	28
2026.05.29	22:55:02.336	1780095302336	4547.27	4547.55		0	0	134	28
2026.05.29	22:55:02.356	1780095302356	4547.24	4547.52		0	0	134	28
2026.05.29	22:55:02.356	1780095302356	4547.22	4547.50		0	0	134	28
2026.05.29	22:55:02.376	1780095302376	4547.14	4547.42		0	0	134	28
2026.05.29	22:55:02.401	1780095302401	4547.33	4547.61		0	0	134	28
2026.05.29	22:55:02.507	1780095302507	4547.07	4547.35		0	0	134	28
2026.05.29	22:55:02.616	1780095302616	4547.06	4547.34		0	0	134	28
2026.05.29	22:55:02.725	1780095302725	4547.17	4547.45		0	0	134	28
2026.05.29	22:55:02.809	1780095302809	4547.44	4547.72		0	0	134	28
2026.05.29	22:55:02.810	1780095302810	4547.70	4548.00		0	0	134	30
2026.05.29	22:55:02.812	1780095302812	4547.44	4547.72		0	0	134	28
2026.05.29	22:55:02.818	1780095302818	4547.71	4547.99		0	0	134	28
2026.05.29	22:55:02.829	1780095302829	4547.82	4548.10		0	0	134	28
2026.05.29	22:55:02.837	1780095302837	4547.57	4547.85		0	0	134	28
2026.05.29	22:55:02.838	1780095302838	4547.56	4547.84		0	0	134	28
2026.05.29	22:55:02.947	1780095302947	4547.51	4547.79		0	0	134	28
2026.05.29	22:55:03.056	1780095303056	4547.43	4547.71		0	0	134	28
2026.05.29	22:55:03.162	1780095303162	4547.42	4547.70		0	0	134	28
2026.05.29	22:55:03.224	1780095303224	4547.26	4547.54		0	0	134	28
2026.05.29	22:55:03.243	1780095303243	4547.24	4547.52		0	0	134	28
2026.05.29	22:55:03.383	1780095303383	4547.19	4547.47		0	0	134	28
2026.05.29	22:55:03.492	1780095303492	4547.20	4547.48		0	0	134	28
2026.05.29	22:55:03.600	1780095303600	4547.42	4547.68		0	0	134	26
2026.05.29	22:55:03.711	1780095303711	4547.53	4547.81		0	0	134	28
2026.05.29	22:55:03.817	1780095303817	4547.47	4547.75		0	0	134	28
2026.05.29	22:55:03.929	1780095303929	4547.37	4547.65		0	0	134	28
2026.05.29	22:55:04.037	1780095304037	4547.35	4547.63		0	0	134	28
2026.05.29	22:55:04.149	1780095304149	4547.41	4547.69		0	0	134	28
2026.05.29	22:55:04.257	1780095304257	4547.37	4547.65		0	0	134	28
2026.05.29	22:55:04.368	1780095304368	4547.51	4547.79		0	0	134	28
2026.05.29	22:55:04.477	1780095304477	4547.52	4547.80		0	0	134	28
2026.05.29	22:55:04.586	1780095304586	4547.58	4547.86		0	0	134	28
2026.05.29	22:55:04.807	1780095304807	4547.59	4547.87		0	0	134	28
2026.05.29	22:55:04.914	1780095304914	4547.53	4547.81		0	0	134	28
2026.05.29	22:55:04.988	1780095304988	4547.52	4547.79		0	0	134	27
2026.05.29	22:55:04.990	1780095304990	4547.50	4547.78		0	0	134	28
2026.05.29	22:55:05.000	1780095305000	4547.49	4547.77		0	0	134	28
2026.05.29	22:55:05.001	1780095305001	4547.48	4547.76		0	0	134	28
2026.05.29	22:55:05.025	1780095305025	4547.47	4547.75		0	0	134	28
2026.05.29	22:55:05.134	1780095305134	4547.48	4547.76		0	0	134	28
2026.05.29	22:55:05.353	1780095305353	4547.50	4547.76		0	0	130	26
2026.05.29	22:55:05.461	1780095305461	4547.56	4547.84		0	0	134	28
2026.05.29	22:55:05.569	1780095305569	4547.57	4547.85		0	0	134	28
2026.05.29	22:55:05.679	1780095305679	4547.56	4547.84		0	0	134	28
2026.05.29	22:55:05.789	1780095305789	4547.41	4547.69		0	0	134	28
2026.05.29	22:55:06.007	1780095306007	4547.44	4547.72		0	0	134	28
2026.05.29	22:55:06.226	1780095306226	4547.45	4547.73		0	0	134	28
2026.05.29	22:55:06.446	1780095306446	4547.46	4547.74		0	0	134	28
2026.05.29	22:55:06.661	1780095306661	4547.42	4547.70		0	0	134	28
2026.05.29	22:55:06.770	1780095306770	4547.47	4547.75		0	0	134	28
2026.05.29	22:55:06.991	1780095306991	4547.43	4547.71		0	0	134	28
2026.05.29	22:55:07.102	1780095307102	4547.39	4547.67		0	0	134	28
2026.05.29	22:55:07.538	1780095307538	4547.36	4547.64		0	0	134	28
2026.05.29	22:55:07.647	1780095307647	4547.32	4547.60		0	0	134	28
2026.05.29	22:55:07.757	1780095307757	4547.17	4547.45		0	0	134	28
2026.05.29	22:55:07.867	1780095307867	4547.16	4547.44		0	0	134	28
2026.05.29	22:55:08.083	1780095308083	4547.10	4547.38		0	0	134	28
2026.05.29	22:55:08.193	1780095308193	4547.21	4547.49		0	0	134	28
2026.05.29	22:55:08.303	1780095308303	4547.49	4547.77		0	0	134	28
2026.05.29	22:55:08.371	1780095308371	4547.34	4547.62		0	0	134	28
2026.05.29	22:55:08.373	1780095308373	4547.33	4547.61		0	0	134	28
2026.05.29	22:55:08.382	1780095308382	4547.34	4547.62		0	0	134	28
2026.05.29	22:55:08.388	1780095308388	4547.33	4547.59		0	0	134	26
2026.05.29	22:55:08.411	1780095308411	4547.39	4547.67		0	0	134	28
2026.05.29	22:55:08.522	1780095308522	4547.34	4547.62		0	0	134	28
2026.05.29	22:55:08.629	1780095308629	4547.37	4547.65		0	0	134	28
2026.05.29	22:55:08.739	1780095308739	4547.39	4547.67		0	0	134	28
2026.05.29	22:55:08.851	1780095308851	4547.46	4547.74		0	0	134	28
2026.05.29	22:55:08.959	1780095308959	4547.48	4547.76		0	0	134	28
2026.05.29	22:55:09.068	1780095309068	4547.45	4547.73		0	0	134	28
2026.05.29	22:55:09.068	1780095309068	4547.41	4547.69		0	0	134	28
2026.05.29	22:55:09.069	1780095309069	4547.41	4547.67		0	0	4	26
2026.05.29	22:55:09.070	1780095309070	4547.50	4547.76		0	0	134	26
2026.05.29	22:55:09.180	1780095309180	4547.39	4547.67		0	0	134	28
2026.05.29	22:55:09.288	1780095309288	4547.36	4547.64		0	0	134	28
2026.05.29	22:55:09.396	1780095309396	4547.33	4547.61		0	0	134	28
2026.05.29	22:55:09.505	1780095309505	4547.45	4547.73		0	0	134	28
2026.05.29	22:55:09.613	1780095309613	4547.43	4547.71		0	0	134	28
2026.05.29	22:55:09.835	1780095309835	4547.41	4547.69		0	0	134	28
2026.05.29	22:55:09.941	1780095309941	4547.39	4547.66		0	0	134	27
2026.05.29	22:55:10.163	1780095310163	4547.38	4547.66		0	0	130	28
2026.05.29	22:55:10.271	1780095310271	4547.33	4547.61		0	0	134	28
2026.05.29	22:55:10.380	1780095310380	4547.31	4547.59		0	0	134	28
2026.05.29	22:55:10.488	1780095310488	4547.22	4547.50		0	0	134	28
2026.05.29	22:55:10.599	1780095310599	4547.15	4547.44		0	0	134	29
2026.05.29	22:55:10.669	1780095310669	4547.14	4547.42		0	0	134	28
2026.05.29	22:55:10.677	1780095310677	4547.16	4547.43		0	0	134	27
2026.05.29	22:55:10.708	1780095310708	4547.13	4547.41		0	0	134	28
2026.05.29	22:55:10.711	1780095310711	4547.16	4547.44		0	0	134	28
2026.05.29	22:55:10.928	1780095310928	4547.17	4547.45		0	0	134	28
2026.05.29	22:55:11.036	1780095311036	4547.15	4547.43		0	0	134	28
2026.05.29	22:55:11.256	1780095311256	4547.07	4547.34		0	0	134	27
2026.05.29	22:55:11.366	1780095311366	4547.14	4547.42		0	0	134	28
2026.05.29	22:55:11.474	1780095311474	4547.23	4547.51		0	0	134	28
2026.05.29	22:55:11.692	1780095311692	4547.27	4547.52		0	0	134	25
2026.05.29	22:55:11.805	1780095311805	4547.26	4547.54		0	0	134	28
2026.05.29	22:55:12.020	1780095312020	4547.29	4547.55		0	0	134	26
2026.05.29	22:55:12.241	1780095312241	4547.25	4547.53		0	0	134	28
2026.05.29	22:55:12.347	1780095312347	4547.23	4547.51		0	0	134	28
2026.05.29	22:55:12.456	1780095312456	4547.27	4547.55		0	0	134	28
2026.05.29	22:55:12.566	1780095312566	4547.31	4547.59		0	0	134	28
2026.05.29	22:55:12.894	1780095312894	4547.27	4547.55		0	0	134	28
2026.05.29	22:55:13.441	1780095313441	4547.31	4547.59		0	0	134	28
2026.05.29	22:55:13.768	1780095313768	4547.37	4547.65		0	0	134	28
2026.05.29	22:55:13.879	1780095313879	4547.39	4547.67		0	0	134	28
2026.05.29	22:55:13.987	1780095313987	4547.49	4547.77		0	0	134	28
2026.05.29	22:55:14.097	1780095314097	4547.47	4547.75		0	0	134	28
2026.05.29	22:55:14.424	1780095314424	4547.42	4547.70		0	0	134	28
2026.05.29	22:55:14.534	1780095314534	4547.49	4547.77		0	0	134	28
2026.05.29	22:55:14.861	1780095314861	4547.53	4547.81		0	0	134	28
2026.05.29	22:55:14.970	1780095314970	4547.52	4547.80		0	0	134	28
2026.05.29	22:55:15.190	1780095315190	4547.49	4547.77		0	0	134	28
2026.05.29	22:55:15.299	1780095315299	4547.39	4547.67		0	0	134	28
2026.05.29	22:55:15.519	1780095315519	4547.40	4547.66		0	0	134	26
2026.05.29	22:55:15.627	1780095315627	4547.44	4547.72		0	0	134	28
2026.05.29	22:55:16.174	1780095316174	4547.45	4547.73		0	0	134	28
2026.05.29	22:55:16.283	1780095316283	4547.40	4547.65		0	0	134	25
2026.05.29	22:55:16.720	1780095316720	4547.47	4547.75		0	0	134	28
2026.05.29	22:55:17.047	1780095317047	4547.34	4547.62		0	0	134	28
2026.05.29	22:55:17.157	1780095317157	4547.28	4547.56		0	0	134	28
2026.05.29	22:55:17.266	1780095317266	4547.22	4547.50		0	0	134	28
2026.05.29	22:55:17.306	1780095317306	4547.03	4547.31		0	0	134	28
2026.05.29	22:55:17.316	1780095317316	4547.05	4547.33		0	0	134	28
2026.05.29	22:55:17.326	1780095317326	4547.04	4547.32		0	0	134	28
2026.05.29	22:55:17.336	1780095317336	4547.03	4547.31		0	0	134	28
2026.05.29	22:55:17.352	1780095317352	4547.02	4547.30		0	0	134	28
2026.05.29	22:55:17.361	1780095317361	4547.01	4547.29		0	0	134	28
2026.05.29	22:55:17.372	1780095317372	4547.02	4547.30		0	0	134	28
2026.05.29	22:55:17.375	1780095317375	4547.09	4547.37		0	0	134	28
2026.05.29	22:55:17.679	1780095317679	4547.08	4547.36		0	0	134	28
2026.05.29	22:55:17.692	1780095317692	4547.09	4547.37		0	0	134	28
2026.05.29	22:55:17.704	1780095317704	4547.07	4547.35		0	0	134	28
2026.05.29	22:55:17.814	1780095317814	4547.03	4547.31		0	0	134	28
2026.05.29	22:55:18.252	1780095318252	4547.21	4547.47		0	0	134	26
2026.05.29	22:55:18.360	1780095318360	4547.19	4547.47		0	0	130	28
2026.05.29	22:55:18.472	1780095318472	4547.20	4547.48		0	0	134	28
2026.05.29	22:55:18.578	1780095318578	4547.14	4547.42		0	0	134	28
2026.05.29	22:55:18.690	1780095318690	4547.15	4547.43		0	0	134	28
2026.05.29	22:55:18.798	1780095318798	4547.17	4547.45		0	0	134	28
2026.05.29	22:55:18.907	1780095318907	4547.24	4547.52		0	0	134	28
2026.05.29	22:55:19.234	1780095319234	4547.27	4547.54		0	0	134	27
2026.05.29	22:55:19.343	1780095319343	4547.34	4547.62		0	0	134	28
2026.05.29	22:55:19.453	1780095319453	4547.32	4547.60		0	0	134	28
2026.05.29	22:55:19.673	1780095319673	4547.57	4547.85		0	0	134	28
2026.05.29	22:55:19.782	1780095319782	4547.56	4547.84		0	0	134	28
2026.05.29	22:55:19.892	1780095319892	4547.57	4547.85		0	0	134	28
2026.05.29	22:55:20.109	1780095320109	4547.56	4547.84		0	0	134	28
2026.05.29	22:55:20.327	1780095320327	4547.51	4547.79		0	0	134	28
2026.05.29	22:55:20.439	1780095320439	4547.46	4547.73		0	0	134	27
2026.05.29	22:55:20.657	1780095320657	4547.42	4547.70		0	0	134	28
2026.05.29	22:55:20.877	1780095320877	4547.43	4547.68		0	0	134	25
2026.05.29	22:55:20.984	1780095320984	4547.41	4547.69		0	0	134	28
2026.05.29	22:55:21.095	1780095321095	4547.37	4547.65		0	0	134	28
2026.05.29	22:55:21.203	1780095321203	4547.42	4547.70		0	0	134	28
2026.05.29	22:55:21.313	1780095321313	4547.47	4547.73		0	0	134	26
2026.05.29	22:55:21.859	1780095321859	4547.46	4547.74		0	0	134	28
2026.05.29	22:55:22.183	1780095322183	4547.47	4547.75		0	0	134	28
2026.05.29	22:55:22.192	1780095322192	4547.48	4547.76		0	0	134	28
2026.05.29	22:55:22.296	1780095322296	4547.39	4547.67		0	0	134	28
2026.05.29	22:55:22.406	1780095322406	4547.32	4547.58		0	0	134	26
2026.05.29	22:55:22.624	1780095322624	4547.26	4547.54		0	0	134	28
2026.05.29	22:55:22.733	1780095322733	4547.29	4547.57		0	0	134	28
2026.05.29	22:55:23.170	1780095323170	4547.33	4547.61		0	0	134	28
2026.05.29	22:55:23.279	1780095323279	4547.29	4547.57		0	0	134	28
2026.05.29	22:55:23.390	1780095323390	4547.31	4547.59		0	0	134	28
2026.05.29	22:55:23.720	1780095323720	4547.30	4547.58		0	0	134	28
2026.05.29	22:55:23.828	1780095323828	4547.30	4547.56		0	0	4	26
2026.05.29	22:55:24.156	1780095324156	4547.32	4547.60		0	0	134	28
2026.05.29	22:55:24.485	1780095324485	4547.33	4547.61		0	0	134	28
2026.05.29	22:55:24.518	1780095324518	4547.32	4547.60		0	0	134	28
2026.05.29	22:55:24.522	1780095324522	4547.31	4547.59		0	0	134	28
2026.05.29	22:55:24.528	1780095324528	4547.32	4547.60		0	0	134	28
2026.05.29	22:55:24.529	1780095324529	4547.31	4547.59		0	0	134	28
2026.05.29	22:55:24.530	1780095324530	4547.24	4547.52		0	0	134	28
2026.05.29	22:55:24.531	1780095324531	4547.28	4547.56		0	0	134	28
2026.05.29	22:55:24.552	1780095324552	4547.23	4547.51		0	0	134	28
2026.05.29	22:55:24.553	1780095324553	4547.26	4547.54		0	0	134	28
2026.05.29	22:55:24.563	1780095324563	4547.31	4547.59		0	0	134	28
2026.05.29	22:55:24.587	1780095324587	4547.29	4547.57		0	0	134	28
2026.05.29	22:55:24.592	1780095324592	4547.34	4547.60		0	0	134	26
2026.05.29	22:55:24.702	1780095324702	4547.33	4547.61		0	0	134	28
2026.05.29	22:55:25.250	1780095325250	4547.29	4547.57		0	0	134	28
2026.05.29	22:55:25.575	1780095325575	4547.33	4547.61		0	0	134	28
2026.05.29	22:55:25.638	1780095325638	4547.46	4547.77		0	0	134	31
2026.05.29	22:55:25.639	1780095325639	4547.48	4547.84		0	0	134	36
2026.05.29	22:55:25.639	1780095325639	4547.50	4547.85		0	0	134	35
2026.05.29	22:55:25.648	1780095325648	4547.54	4547.86		0	0	134	32
2026.05.29	22:55:25.650	1780095325650	4547.53	4547.86		0	0	130	33
2026.05.29	22:55:25.654	1780095325654	4547.51	4547.85		0	0	134	34
2026.05.29	22:55:25.657	1780095325657	4547.50	4547.85		0	0	130	35
2026.05.29	22:55:25.676	1780095325676	4547.48	4547.80		0	0	134	32
2026.05.29	22:55:25.689	1780095325689	4547.51	4547.80		0	0	130	29
2026.05.29	22:55:25.798	1780095325798	4547.50	4547.78		0	0	134	28
2026.05.29	22:55:25.906	1780095325906	4547.49	4547.77		0	0	134	28
2026.05.29	22:55:26.123	1780095326123	4547.46	4547.74		0	0	134	28
2026.05.29	22:55:26.341	1780095326341	4547.44	4547.72		0	0	134	28
2026.05.29	22:55:26.453	1780095326453	4547.43	4547.71		0	0	134	28
2026.05.29	22:55:26.561	1780095326561	4547.42	4547.70		0	0	134	28
2026.05.29	22:55:26.780	1780095326780	4547.41	4547.69		0	0	134	28
2026.05.29	22:55:26.888	1780095326888	4547.45	4547.73		0	0	134	28
2026.05.29	22:55:26.986	1780095326986	4547.51	4547.79		0	0	134	28
2026.05.29	22:55:26.996	1780095326996	4547.43	4547.71		0	0	134	28
2026.05.29	22:55:27.108	1780095327108	4547.53	4547.78		0	0	134	25
2026.05.29	22:55:27.327	1780095327327	4547.50	4547.78		0	0	130	28
2026.05.29	22:55:27.436	1780095327436	4547.49	4547.77		0	0	134	28
2026.05.29	22:55:27.653	1780095327653	4547.48	4547.76		0	0	134	28
2026.05.29	22:55:27.762	1780095327762	4547.47	4547.75		0	0	134	28
2026.05.29	22:55:28.090	1780095328090	4547.44	4547.72		0	0	134	28
2026.05.29	22:55:28.200	1780095328200	4547.45	4547.73		0	0	134	28
2026.05.29	22:55:28.309	1780095328309	4547.48	4547.76		0	0	134	28
2026.05.29	22:55:28.527	1780095328527	4547.51	4547.79		0	0	134	28
2026.05.29	22:55:28.856	1780095328856	4547.50	4547.78		0	0	134	28
2026.05.29	22:55:29.074	1780095329074	4547.49	4547.77		0	0	134	28
2026.05.29	22:55:29.185	1780095329185	4547.48	4547.76		0	0	134	28
2026.05.29	22:55:29.294	1780095329294	4547.45	4547.73		0	0	134	28
2026.05.29	22:55:29.404	1780095329404	4547.42	4547.70		0	0	134	28
2026.05.29	22:55:29.621	1780095329621	4547.43	4547.71		0	0	134	28
2026.05.29	22:55:30.059	1780095330059	4547.43	4547.69		0	0	4	26
2026.05.29	22:55:30.276	1780095330276	4547.40	4547.68		0	0	134	28
2026.05.29	22:55:30.932	1780095330932	4547.39	4547.67		0	0	134	28
2026.05.29	22:55:31.152	1780095331152	4547.42	4547.68		0	0	134	26
2026.05.29	22:55:31.263	1780095331263	4547.44	4547.70		0	0	134	26
2026.05.29	22:55:31.479	1780095331479	4547.44	4547.72		0	0	4	28
2026.05.29	22:55:31.588	1780095331588	4547.45	4547.73		0	0	134	28
2026.05.29	22:55:31.699	1780095331699	4547.46	4547.73		0	0	130	27
2026.05.29	22:55:31.808	1780095331808	4547.46	4547.74		0	0	4	28
2026.05.29	22:55:32.029	1780095332029	4547.46	4547.73		0	0	4	27
2026.05.29	22:55:32.465	1780095332465	4547.45	4547.73		0	0	130	28
2026.05.29	22:55:32.683	1780095332683	4547.29	4547.57		0	0	134	28
2026.05.29	22:55:32.793	1780095332793	4547.19	4547.47		0	0	134	28
2026.05.29	22:55:33.119	1780095333119	4547.28	4547.55		0	0	134	27
2026.05.29	22:55:33.231	1780095333231	4547.31	4547.57		0	0	134	26
2026.05.29	22:55:33.340	1780095333340	4547.31	4547.59		0	0	4	28
2026.05.29	22:55:33.668	1780095333668	4547.35	4547.63		0	0	134	28
2026.05.29	22:55:33.885	1780095333885	4547.34	4547.62		0	0	134	28
2026.05.29	22:55:34.215	1780095334215	4547.35	4547.63		0	0	134	28
2026.05.29	22:55:34.325	1780095334325	4547.50	4547.82		0	0	134	32
2026.05.29	22:55:34.651	1780095334651	4547.50	4547.78		0	0	4	28
2026.05.29	22:55:34.871	1780095334871	4547.49	4547.77		0	0	134	28
2026.05.29	22:55:35.087	1780095335087	4547.50	4547.78		0	0	134	28
2026.05.29	22:55:35.307	1780095335307	4547.49	4547.76		0	0	134	27
2026.05.29	22:55:35.416	1780095335416	4547.51	4547.79		0	0	134	28
2026.05.29	22:55:35.634	1780095335634	4547.46	4547.74		0	0	134	28
2026.05.29	22:55:35.966	1780095335966	4547.53	4547.81		0	0	134	28
2026.05.29	22:55:36.076	1780095336076	4547.55	4547.83		0	0	134	28
2026.05.29	22:55:36.185	1780095336185	4547.56	4547.84		0	0	134	28
2026.05.29	22:55:36.290	1780095336290	4547.57	4547.85		0	0	134	28
2026.05.29	22:55:36.353	1780095336353	4547.68	4547.96		0	0	134	28
2026.05.29	22:55:36.359	1780095336359	4547.74	4548.02		0	0	134	28
2026.05.29	22:55:36.363	1780095336363	4547.77	4548.05		0	0	134	28
2026.05.29	22:55:36.373	1780095336373	4547.79	4548.07		0	0	134	28
2026.05.29	22:55:36.383	1780095336383	4547.81	4548.09		0	0	134	28
2026.05.29	22:55:36.393	1780095336393	4547.95	4548.23		0	0	134	28
2026.05.29	22:55:36.401	1780095336401	4547.89	4548.17		0	0	134	28
2026.05.29	22:55:37.166	1780095337166	4547.82	4548.10		0	0	134	28
2026.05.29	22:55:37.493	1780095337493	4547.83	4548.11		0	0	134	28
2026.05.29	22:55:37.710	1780095337710	4547.85	4548.11		0	0	130	26
2026.05.29	22:55:37.821	1780095337821	4547.84	4548.12		0	0	134	28
2026.05.29	22:55:37.929	1780095337929	4547.78	4548.06		0	0	134	28
2026.05.29	22:55:38.038	1780095338038	4547.81	4548.09		0	0	134	28
2026.05.29	22:55:38.257	1780095338257	4547.79	4548.07		0	0	134	28
2026.05.29	22:55:38.475	1780095338475	4547.87	4548.15		0	0	134	28
2026.05.29	22:55:38.913	1780095338913	4547.86	4548.14		0	0	134	28
2026.05.29	22:55:39.022	1780095339022	4547.88	4548.16		0	0	134	28
2026.05.29	22:55:39.570	1780095339570	4547.86	4548.14		0	0	134	28
2026.05.29	22:55:39.789	1780095339789	4547.87	4548.15		0	0	134	28
2026.05.29	22:55:40.226	1780095340226	4547.98	4548.26		0	0	134	28
2026.05.29	22:55:40.335	1780095340335	4548.03	4548.31		0	0	134	28
2026.05.29	22:55:40.445	1780095340445	4548.16	4548.44		0	0	134	28
2026.05.29	22:55:40.555	1780095340555	4548.11	4548.39		0	0	134	28
2026.05.29	22:55:40.776	1780095340776	4548.13	4548.38		0	0	134	25
2026.05.29	22:55:40.881	1780095340881	4548.13	4548.41		0	0	4	28
2026.05.29	22:55:41.102	1780095341102	4548.14	4548.42		0	0	134	28
2026.05.29	22:55:41.213	1780095341213	4548.08	4548.36		0	0	134	28
2026.05.29	22:55:41.322	1780095341322	4548.10	4548.38		0	0	134	28
2026.05.29	22:55:41.540	1780095341540	4548.11	4548.36		0	0	134	25
2026.05.29	22:55:41.649	1780095341649	4548.12	4548.40		0	0	134	28
2026.05.29	22:55:41.757	1780095341757	4548.10	4548.38		0	0	134	28
2026.05.29	22:55:41.868	1780095341868	4548.19	4548.47		0	0	134	28
2026.05.29	22:55:41.908	1780095341908	4548.16	4548.44		0	0	134	28
2026.05.29	22:55:41.921	1780095341921	4548.14	4548.42		0	0	134	28
2026.05.29	22:55:41.947	1780095341947	4548.15	4548.43		0	0	134	28
2026.05.29	22:55:41.978	1780095341978	4548.23	4548.51		0	0	134	28
2026.05.29	22:55:42.087	1780095342087	4548.19	4548.47		0	0	134	28
2026.05.29	22:55:42.304	1780095342304	4548.16	4548.44		0	0	134	28
2026.05.29	22:55:42.849	1780095342849	4548.09	4548.37		0	0	134	28
2026.05.29	22:55:43.067	1780095343067	4548.11	4548.39		0	0	134	28
2026.05.29	22:55:43.726	1780095343726	4548.10	4548.38		0	0	134	28
2026.05.29	22:55:43.834	1780095343834	4548.15	4548.43		0	0	134	28
2026.05.29	22:55:43.944	1780095343944	4548.23	4548.51		0	0	134	28
2026.05.29	22:55:44.052	1780095344052	4548.20	4548.48		0	0	134	28
2026.05.29	22:55:44.272	1780095344272	4548.17	4548.45		0	0	134	28
2026.05.29	22:55:44.383	1780095344383	4548.10	4548.38		0	0	134	28
2026.05.29	22:55:44.601	1780095344601	4548.18	4548.46		0	0	134	28
2026.05.29	22:55:44.818	1780095344818	4548.14	4548.42		0	0	134	28
2026.05.29	22:55:44.927	1780095344927	4548.10	4548.38		0	0	134	28
2026.05.29	22:55:45.148	1780095345148	4548.07	4548.34		0	0	134	27
2026.05.29	22:55:45.474	1780095345474	4548.06	4548.34		0	0	130	28
2026.05.29	22:55:45.584	1780095345584	4548.10	4548.38		0	0	134	28
2026.05.29	22:55:45.690	1780095345690	4548.04	4548.32		0	0	134	28
2026.05.29	22:55:45.692	1780095345692	4548.08	4548.36		0	0	134	28
2026.05.29	22:55:45.803	1780095345803	4548.02	4548.30		0	0	134	28
2026.05.29	22:55:45.911	1780095345911	4547.87	4548.15		0	0	134	28
2026.05.29	22:55:46.021	1780095346021	4547.87	4548.14		0	0	4	27
2026.05.29	22:55:46.130	1780095346130	4547.84	4548.12		0	0	134	28
2026.05.29	22:55:46.350	1780095346350	4547.87	4548.15		0	0	134	28
2026.05.29	22:55:46.568	1780095346568	4547.89	4548.17		0	0	134	28
2026.05.29	22:55:46.786	1780095346786	4547.90	4548.18		0	0	134	28
2026.05.29	22:55:47.007	1780095347007	4547.89	4548.17		0	0	134	28
2026.05.29	22:55:47.225	1780095347225	4547.91	4548.19		0	0	134	28
2026.05.29	22:55:47.334	1780095347334	4547.99	4548.27		0	0	134	28
2026.05.29	22:55:47.551	1780095347551	4547.98	4548.26		0	0	134	28
2026.05.29	22:55:47.664	1780095347664	4547.91	4548.19		0	0	134	28
2026.05.29	22:55:47.774	1780095347774	4547.90	4548.18		0	0	134	28
2026.05.29	22:55:47.881	1780095347881	4547.91	4548.19		0	0	134	28
2026.05.29	22:55:47.987	1780095347987	4547.88	4548.16		0	0	134	28
2026.05.29	22:55:48.098	1780095348098	4547.85	4548.12		0	0	134	27
2026.05.29	22:55:48.208	1780095348208	4547.83	4548.11		0	0	134	28
2026.05.29	22:55:48.318	1780095348318	4547.82	4548.10		0	0	134	28
2026.05.29	22:55:48.425	1780095348425	4547.89	4548.17		0	0	134	28
2026.05.29	22:55:48.535	1780095348535	4547.98	4548.26		0	0	134	28
2026.05.29	22:55:48.644	1780095348644	4547.91	4548.19		0	0	134	28
2026.05.29	22:55:48.755	1780095348755	4547.85	4548.13		0	0	134	28
2026.05.29	22:55:48.864	1780095348864	4547.89	4548.17		0	0	134	28
2026.05.29	22:55:49.193	1780095349193	4547.86	4548.14		0	0	134	28
2026.05.29	22:55:49.302	1780095349302	4547.88	4548.15		0	0	134	27
2026.05.29	22:55:49.629	1780095349629	4547.91	4548.19		0	0	134	28
2026.05.29	22:55:49.956	1780095349956	4547.92	4548.20		0	0	134	28
2026.05.29	22:55:50.392	1780095350392	4547.77	4548.05		0	0	134	28
2026.05.29	22:55:50.502	1780095350502	4547.81	4548.09		0	0	134	28
2026.05.29	22:55:50.605	1780095350605	4547.87	4548.16		0	0	134	29
2026.05.29	22:55:50.606	1780095350606	4547.89	4548.18		0	0	134	29
2026.05.29	22:55:50.615	1780095350615	4547.82	4548.11		0	0	134	29
2026.05.29	22:55:50.722	1780095350722	4547.79	4548.07		0	0	134	28
2026.05.29	22:55:50.940	1780095350940	4547.83	4548.09		0	0	134	26
2026.05.29	22:55:51.051	1780095351051	4547.78	4548.06		0	0	134	28
2026.05.29	22:55:51.159	1780095351159	4547.81	4548.09		0	0	134	28
2026.05.29	22:55:51.269	1780095351269	4547.82	4548.10		0	0	134	28
2026.05.29	22:55:51.378	1780095351378	4547.83	4548.10		0	0	130	27
2026.05.29	22:55:51.489	1780095351489	4547.83	4548.11		0	0	4	28
2026.05.29	22:55:51.596	1780095351596	4547.82	4548.10		0	0	134	28
2026.05.29	22:55:51.924	1780095351924	4547.90	4548.18		0	0	134	28
2026.05.29	22:55:52.032	1780095352032	4547.88	4548.16		0	0	134	28
2026.05.29	22:55:52.143	1780095352143	4547.91	4548.16		0	0	130	25
2026.05.29	22:55:52.251	1780095352251	4547.94	4548.22		0	0	134	28
2026.05.29	22:55:52.361	1780095352361	4547.86	4548.14		0	0	134	28
2026.05.29	22:55:52.471	1780095352471	4547.87	4548.15		0	0	134	28
2026.05.29	22:55:52.579	1780095352579	4547.89	4548.17		0	0	134	28
2026.05.29	22:55:52.689	1780095352689	4547.87	4548.15		0	0	134	28
2026.05.29	22:55:52.798	1780095352798	4547.99	4548.27		0	0	134	28
2026.05.29	22:55:53.016	1780095353016	4547.94	4548.22		0	0	134	28
2026.05.29	22:55:53.094	1780095353094	4547.76	4548.03		0	0	134	27
2026.05.29	22:55:53.129	1780095353129	4547.75	4548.03		0	0	130	28
2026.05.29	22:55:53.237	1780095353237	4547.74	4548.02		0	0	134	28
2026.05.29	22:55:53.346	1780095353346	4547.62	4547.90		0	0	134	28
2026.05.29	22:55:53.536	1780095353536	4547.53	4547.81		0	0	134	28
2026.05.29	22:55:53.568	1780095353568	4547.32	4547.60		0	0	134	28
2026.05.29	22:55:53.676	1780095353676	4547.41	4547.69		0	0	134	28
2026.05.29	22:55:53.893	1780095353893	4547.34	4547.62		0	0	134	28
2026.05.29	22:55:54.002	1780095354002	4547.36	4547.64		0	0	134	28
2026.05.29	22:55:54.330	1780095354330	4547.28	4547.56		0	0	134	28
2026.05.29	22:55:54.547	1780095354547	4547.31	4547.59		0	0	134	28
2026.05.29	22:55:54.766	1780095354766	4547.41	4547.69		0	0	134	28
2026.05.29	22:55:54.877	1780095354877	4547.33	4547.61		0	0	134	28
2026.05.29	22:55:54.983	1780095354983	4547.31	4547.58		0	0	134	27
2026.05.29	22:55:55.096	1780095355096	4547.37	4547.65		0	0	134	28
2026.05.29	22:55:55.206	1780095355206	4547.36	4547.64		0	0	134	28
2026.05.29	22:55:55.316	1780095355316	4547.29	4547.57		0	0	134	28
2026.05.29	22:55:55.422	1780095355422	4547.25	4547.51		0	0	134	26
2026.05.29	22:55:55.531	1780095355531	4547.25	4547.53		0	0	4	28
2026.05.29	22:55:55.641	1780095355641	4547.26	4547.54		0	0	134	28
2026.05.29	22:55:55.860	1780095355860	4547.27	4547.55		0	0	134	28
2026.05.29	22:55:56.079	1780095356079	4547.26	4547.54		0	0	134	28
2026.05.29	22:55:56.517	1780095356517	4547.24	4547.52		0	0	134	28
2026.05.29	22:55:56.734	1780095356734	4547.23	4547.51		0	0	134	28
2026.05.29	22:55:57.063	1780095357063	4547.22	4547.50		0	0	134	28
2026.05.29	22:55:57.171	1780095357171	4547.34	4547.62		0	0	134	28
2026.05.29	22:55:57.608	1780095357608	4547.35	4547.63		0	0	134	28
2026.05.29	22:55:57.936	1780095357936	4547.33	4547.61		0	0	134	28
2026.05.29	22:55:58.374	1780095358374	4547.34	4547.62		0	0	134	28
2026.05.29	22:55:58.812	1780095358812	4547.36	4547.64		0	0	134	28
2026.05.29	22:55:58.864	1780095358864	4547.30	4547.58		0	0	134	28
2026.05.29	22:55:58.875	1780095358875	4547.29	4547.57		0	0	134	28
2026.05.29	22:55:58.884	1780095358884	4547.28	4547.56		0	0	134	28
2026.05.29	22:55:58.894	1780095358894	4547.28	4547.55		0	0	4	27
2026.05.29	22:55:58.920	1780095358920	4547.27	4547.55		0	0	130	28
2026.05.29	22:55:59.250	1780095359250	4547.24	4547.52		0	0	134	28
2026.05.29	22:55:59.359	1780095359359	4547.23	4547.51		0	0	134	28
2026.05.29	22:55:59.578	1780095359578	4547.22	4547.50		0	0	134	28
2026.05.29	22:55:59.689	1780095359689	4547.19	4547.47		0	0	134	28
2026.05.29	22:56:00.015	1780095360015	4547.24	4547.52		0	0	134	28
2026.05.29	22:56:00.126	1780095360126	4547.25	4547.53		0	0	134	28
2026.05.29	22:56:00.189	1780095360189	4547.32	4547.60		0	0	134	28
2026.05.29	22:56:00.215	1780095360215	4547.35	4547.63		0	0	134	28
2026.05.29	22:56:00.236	1780095360236	4547.22	4547.50		0	0	134	28
2026.05.29	22:56:00.380	1780095360380	4546.96	4547.22		0	0	134	26
2026.05.29	22:56:00.397	1780095360397	4546.91	4547.19		0	0	134	28
2026.05.29	22:56:00.398	1780095360398	4546.90	4547.18		0	0	134	28
2026.05.29	22:56:00.399	1780095360399	4546.90	4547.15		0	0	4	25
2026.05.29	22:56:00.401	1780095360401	4546.91	4547.19		0	0	134	28
2026.05.29	22:56:00.410	1780095360410	4546.95	4547.25		0	0	134	30
2026.05.29	22:56:00.432	1780095360432	4546.92	4547.24		0	0	134	32
2026.05.29	22:56:00.433	1780095360433	4546.90	4547.19		0	0	134	29
2026.05.29	22:56:00.456	1780095360456	4546.92	4547.20		0	0	134	28
2026.05.29	22:56:00.783	1780095360783	4546.90	4547.18		0	0	134	28
2026.05.29	22:56:00.891	1780095360891	4546.89	4547.17		0	0	134	28
2026.05.29	22:56:00.999	1780095360999	4546.87	4547.15		0	0	134	28
2026.05.29	22:56:01.329	1780095361329	4546.91	4547.19		0	0	134	28
2026.05.29	22:56:01.439	1780095361439	4546.93	4547.21		0	0	134	28
2026.05.29	22:56:01.546	1780095361546	4546.99	4547.27		0	0	134	28
2026.05.29	22:56:01.764	1780095361764	4547.00	4547.27		0	0	130	27
2026.05.29	22:56:01.874	1780095361874	4547.00	4547.28		0	0	4	28
2026.05.29	22:56:01.983	1780095361983	4547.09	4547.37		0	0	134	28
2026.05.29	22:56:02.091	1780095362091	4547.07	4547.35		0	0	134	28
2026.05.29	22:56:02.313	1780095362313	4547.04	4547.32		0	0	134	28
2026.05.29	22:56:02.420	1780095362420	4546.97	4547.25		0	0	134	28
2026.05.29	22:56:02.639	1780095362639	4546.90	4547.18		0	0	134	28
2026.05.29	22:56:02.859	1780095362859	4546.91	4547.19		0	0	134	28
2026.05.29	22:56:03.297	1780095363297	4546.88	4547.14		0	0	134	26
2026.05.29	22:56:03.841	1780095363841	4546.85	4547.13		0	0	134	28
2026.05.29	22:56:04.168	1780095364168	4546.79	4547.07		0	0	134	28
2026.05.29	22:56:04.232	1780095364232	4546.65	4546.93		0	0	134	28
2026.05.29	22:56:04.249	1780095364249	4546.58	4546.86		0	0	134	28
2026.05.29	22:56:04.274	1780095364274	4546.57	4546.85		0	0	134	28
2026.05.29	22:56:04.277	1780095364277	4546.66	4546.94		0	0	134	28
2026.05.29	22:56:04.389	1780095364389	4546.65	4546.93		0	0	134	28
2026.05.29	22:56:04.605	1780095364605	4546.58	4546.86		0	0	134	28
2026.05.29	22:56:05.044	1780095365044	4546.60	4546.88		0	0	134	28
2026.05.29	22:56:05.153	1780095365153	4546.65	4546.91		0	0	134	26
2026.05.29	22:56:05.262	1780095365262	4546.65	4546.93		0	0	4	28
2026.05.29	22:56:05.372	1780095365372	4546.63	4546.91		0	0	134	28
2026.05.29	22:56:05.590	1780095365590	4546.62	4546.90		0	0	134	28
2026.05.29	22:56:05.919	1780095365919	4546.64	4546.92		0	0	134	28
2026.05.29	22:56:06.245	1780095366245	4546.63	4546.91		0	0	134	28
2026.05.29	22:56:06.686	1780095366686	4546.62	4546.90		0	0	134	28
2026.05.29	22:56:07.011	1780095367011	4546.63	4546.91		0	0	134	28
2026.05.29	22:56:07.295	1780095367295	4546.57	4546.85		0	0	134	28
2026.05.29	22:56:07.327	1780095367327	4546.56	4546.84		0	0	134	28
2026.05.29	22:56:07.341	1780095367341	4546.59	4546.87		0	0	134	28
2026.05.29	22:56:07.452	1780095367452	4546.55	4546.83		0	0	134	28
2026.05.29	22:56:07.506	1780095367506	4546.46	4546.74		0	0	134	28
2026.05.29	22:56:07.511	1780095367511	4546.48	4546.76		0	0	134	28
2026.05.29	22:56:07.525	1780095367525	4546.47	4546.75		0	0	134	28
2026.05.29	22:56:07.558	1780095367558	4546.54	4546.82		0	0	134	28
2026.05.29	22:56:07.777	1780095367777	4546.50	4546.78		0	0	134	28
2026.05.29	22:56:07.887	1780095367887	4546.56	4546.84		0	0	134	28
2026.05.29	22:56:07.995	1780095367995	4546.57	4546.85		0	0	134	28
2026.05.29	22:56:08.214	1780095368214	4546.53	4546.81		0	0	134	28
2026.05.29	22:56:08.434	1780095368434	4546.52	4546.78		0	0	134	26
2026.05.29	22:56:08.541	1780095368541	4546.57	4546.85		0	0	134	28
2026.05.29	22:56:08.652	1780095368652	4546.59	4546.87		0	0	134	28
2026.05.29	22:56:08.846	1780095368846	4546.63	4546.91		0	0	134	28
2026.05.29	22:56:08.847	1780095368847	4546.60	4546.88		0	0	134	28
2026.05.29	22:56:08.871	1780095368871	4546.64	4546.92		0	0	134	28
2026.05.29	22:56:08.983	1780095368983	4546.61	4546.90		0	0	134	29
2026.05.29	22:56:09.091	1780095369091	4546.58	4546.86		0	0	134	28
2026.05.29	22:56:09.201	1780095369201	4546.65	4546.92		0	0	134	27
2026.05.29	22:56:09.310	1780095369310	4546.59	4546.87		0	0	134	28
2026.05.29	22:56:09.635	1780095369635	4546.60	4546.88		0	0	134	28
2026.05.29	22:56:09.964	1780095369964	4546.59	4546.87		0	0	134	28
2026.05.29	22:56:10.182	1780095370182	4546.61	4546.89		0	0	134	28
2026.05.29	22:56:10.292	1780095370292	4546.60	4546.88		0	0	134	28
