<DATE>	<TIME>	<TIME_MSC>	<BID>	<ASK>	<LAST>	<VOLUME>	<VOLUME_REAL>	<FLAGS>	<SPREAD>
2026.07.01	01:00:00.628	1782867600628	4019.00	4020.25		0	0	134	125
2026.07.01	01:00:00.667	1782867600667	4018.77	4019.93		0	0	134	116
2026.07.01	01:00:00.676	1782867600676	4018.51	4019.67		0	0	134	116
2026.07.01	01:00:00.708	1782867600708	4018.41	4019.57		0	0	134	116
2026.07.01	01:00:00.717	1782867600717	4018.60	4019.76		0	0	134	116
2026.07.01	01:00:00.738	1782867600738	4018.80	4019.96		0	0	134	116
2026.07.01	01:00:00.751	1782867600751	4018.53	4019.69		0	0	134	116
2026.07.01	01:00:00.758	1782867600758	4018.26	4019.42		0	0	134	116
2026.07.01	01:00:00.779	1782867600779	4018.52	4019.68		0	0	134	116
2026.07.01	01:00:00.789	1782867600789	4018.24	4019.43		0	0	134	119
2026.07.01	01:00:00.809	1782867600809	4018.12	4019.31		0	0	134	119
2026.07.01	01:00:00.819	1782867600819	4018.14	4019.33		0	0	134	119
2026.07.01	01:00:00.830	1782867600830	4018.15	4019.34		0	0	134	119
2026.07.01	01:00:00.848	1782867600848	4018.20	4019.39		0	0	134	119
2026.07.01	01:00:00.869	1782867600869	4018.15	4019.34		0	0	134	119
2026.07.01	01:00:00.878	1782867600878	4018.10	4019.29		0	0	134	119
2026.07.01	01:00:00.899	1782867600899	4018.26	4019.45		0	0	134	119
2026.07.01	01:00:00.908	1782867600908	4018.29	4019.48		0	0	134	119
2026.07.01	01:00:00.961	1782867600961	4018.25	4019.44		0	0	134	119
2026.07.01	01:00:00.971	1782867600971	4018.26	4019.45		0	0	134	119
2026.07.01	01:00:00.982	1782867600982	4018.29	4019.48		0	0	134	119
2026.07.01	01:00:00.994	1782867600994	4018.48	4019.67		0	0	134	119
2026.07.01	01:00:01.002	1782867601002	4018.41	4019.60		0	0	134	119
2026.07.01	01:00:01.012	1782867601012	4018.57	4019.76		0	0	134	119
2026.07.01	01:00:01.042	1782867601042	4018.37	4019.55		0	0	134	118
2026.07.01	01:00:01.062	1782867601062	4018.35	4019.53		0	0	134	118
2026.07.01	01:00:01.083	1782867601083	4018.36	4019.54		0	0	134	118
2026.07.01	01:00:01.102	1782867601102	4018.25	4019.42		0	0	134	117
2026.07.01	01:00:01.113	1782867601113	4018.39	4019.56		0	0	134	117
2026.07.01	01:00:01.132	1782867601132	4018.55	4019.73		0	0	134	118
2026.07.01	01:00:01.156	1782867601156	4018.27	4019.46		0	0	134	119
2026.07.01	01:00:01.284	1782867601284	4018.00	4019.19		0	0	134	119
2026.07.01	01:00:01.405	1782867601405	4017.75	4018.91		0	0	134	116
2026.07.01	01:00:01.517	1782867601517	4017.47	4018.65		0	0	134	118
2026.07.01	01:00:01.528	1782867601528	4017.20	4018.37		0	0	134	117
2026.07.01	01:00:01.651	1782867601651	4016.93	4018.10		0	0	134	117
2026.07.01	01:00:01.774	1782867601774	4016.65	4017.84		0	0	134	119
2026.07.01	01:00:01.896	1782867601896	4016.39	4017.56		0	0	134	117
2026.07.01	01:00:02.021	1782867602021	4016.12	4017.30		0	0	134	118
2026.07.01	01:00:02.144	1782867602144	4015.85	4017.04		0	0	134	119
2026.07.01	01:00:02.271	1782867602271	4015.61	4016.74		0	0	134	113
2026.07.01	01:00:02.391	1782867602391	4015.34	4016.47		0	0	134	113
2026.07.01	01:00:02.517	1782867602517	4015.05	4016.22		0	0	134	117
2026.07.01	01:00:02.639	1782867602639	4014.79	4015.94		0	0	134	115
2026.07.01	01:00:02.763	1782867602763	4014.51	4015.68		0	0	134	117
2026.07.01	01:00:02.886	1782867602886	4014.24	4015.41		0	0	134	117
2026.07.01	01:00:03.011	1782867603011	4013.98	4015.12		0	0	134	114
2026.07.01	01:00:03.135	1782867603135	4013.72	4014.85		0	0	134	113
2026.07.01	01:00:03.258	1782867603258	4013.44	4014.59		0	0	134	115
2026.07.01	01:00:03.381	1782867603381	4013.17	4014.32		0	0	134	115
2026.07.01	01:00:03.506	1782867603506	4012.91	4014.03		0	0	134	112
2026.07.01	01:00:03.627	1782867603627	4012.63	4013.77		0	0	134	114
2026.07.01	01:00:03.752	1782867603752	4012.35	4013.50		0	0	134	115
2026.07.01	01:00:03.875	1782867603875	4012.08	4013.24		0	0	134	116
2026.07.01	01:00:03.999	1782867603999	4012.27	4013.39		0	0	134	112
2026.07.01	01:00:04.124	1782867604124	4012.27	4013.35		0	0	4	108
2026.07.01	01:00:04.617	1782867604617	4012.11	4013.25		0	0	134	114
2026.07.01	01:00:04.740	1782867604740	4011.85	4012.98		0	0	134	113
2026.07.01	01:00:04.865	1782867604865	4011.65	4012.78		0	0	134	113
2026.07.01	01:00:04.987	1782867604987	4011.91	4013.06		0	0	134	115
2026.07.01	01:00:05.112	1782867605112	4011.90	4013.04		0	0	134	114
2026.07.01	01:00:05.236	1782867605236	4011.91	4013.07		0	0	134	116
2026.07.01	01:00:05.360	1782867605360	4012.20	4013.33		0	0	134	113
2026.07.01	01:00:05.484	1782867605484	4011.97	4013.02		0	0	134	105
2026.07.01	01:00:05.606	1782867605606	4012.19	4013.33		0	0	134	114
2026.07.01	01:00:05.730	1782867605730	4012.31	4013.43		0	0	134	112
2026.07.01	01:00:05.855	1782867605855	4012.22	4013.25		0	0	134	103
2026.07.01	01:00:06.472	1782867606472	4012.35	4013.41		0	0	134	106
2026.07.01	01:00:06.597	1782867606597	4012.26	4012.95		0	0	134	69
2026.07.01	01:00:06.722	1782867606722	4012.34	4012.82		0	0	134	48
2026.07.01	01:00:06.843	1782867606843	4012.14	4012.76		0	0	134	62
2026.07.01	01:00:07.092	1782867607092	4012.19	4013.22		0	0	134	103
2026.07.01	01:00:07.216	1782867607216	4012.55	4013.19		0	0	134	64
2026.07.01	01:00:07.340	1782867607340	4012.49	4013.22		0	0	134	73
2026.07.01	01:00:07.463	1782867607463	4012.39	4013.19		0	0	134	80
2026.07.01	01:00:07.586	1782867607586	4012.50	4013.23		0	0	134	73
2026.07.01	01:00:07.710	1782867607710	4012.42	4013.20		0	0	134	78
2026.07.01	01:00:07.833	1782867607833	4012.73	4013.43		0	0	134	70
2026.07.01	01:00:07.956	1782867607956	4012.35	4013.49		0	0	134	114
2026.07.01	01:00:08.079	1782867608079	4012.08	4013.22		0	0	134	114
2026.07.01	01:00:08.203	1782867608203	4011.91	4012.84		0	0	134	93
2026.07.01	01:00:08.327	1782867608327	4012.01	4012.87		0	0	134	86
2026.07.01	01:00:08.451	1782867608451	4012.00	4012.85		0	0	134	85
2026.07.01	01:00:08.698	1782867608698	4012.23	4013.17		0	0	134	94
2026.07.01	01:00:09.906	1782867609906	4012.41	4013.53		0	0	134	112
2026.07.01	01:00:09.915	1782867609915	4012.53	4013.65		0	0	134	112
2026.07.01	01:00:09.926	1782867609926	4012.58	4013.70		0	0	134	112
2026.07.01	01:00:09.955	1782867609955	4012.71	4013.60		0	0	134	89
2026.07.01	01:00:09.979	1782867609979	4012.75	4013.59		0	0	134	84
2026.07.01	01:00:10.018	1782867610018	4012.59	4013.43		0	0	134	84
2026.07.01	01:00:10.198	1782867610198	4012.58	4013.70		0	0	134	112
2026.07.01	01:00:10.207	1782867610207	4012.64	4013.76		0	0	134	112
2026.07.01	01:00:10.218	1782867610218	4012.45	4013.57		0	0	134	112
2026.07.01	01:00:10.388	1782867610388	4012.65	4013.61		0	0	134	96
2026.07.01	01:00:10.409	1782867610409	4012.53	4013.49		0	0	134	96
2026.07.01	01:00:10.730	1782867610730	4012.57	4013.41		0	0	134	84
2026.07.01	01:00:10.900	1782867610900	4012.53	4013.37		0	0	134	84
2026.07.01	01:00:11.001	1782867611001	4012.52	4013.42		0	0	134	90
2026.07.01	01:00:11.011	1782867611011	4012.58	4013.49		0	0	134	91
2026.07.01	01:00:11.362	1782867611362	4012.63	4013.70		0	0	134	107
2026.07.01	01:00:11.405	1782867611405	4012.61	4013.66		0	0	134	105
2026.07.01	01:00:11.788	1782867611788	4012.56	4013.17		0	0	134	61
2026.07.01	01:00:12.462	1782867612462	4012.25	4012.95		0	0	134	70
2026.07.01	01:00:12.529	1782867612529	4012.29	4013.03		0	0	134	74
2026.07.01	01:00:12.531	1782867612531	4012.28	4013.02		0	0	134	74
2026.07.01	01:00:12.902	1782867612902	4012.36	4012.97		0	0	134	61
2026.07.01	01:00:13.272	1782867613272	4012.36	4012.99		0	0	4	63
2026.07.01	01:00:14.758	1782867614758	4012.35	4013.03		0	0	134	68
2026.07.01	01:00:14.880	1782867614880	4012.31	4013.12		0	0	134	81
2026.07.01	01:00:16.364	1782867616364	4012.55	4012.96		0	0	134	41
2026.07.01	01:00:17.476	1782867617476	4011.91	4013.05		0	0	134	114
2026.07.01	01:00:17.848	1782867617848	4011.65	4012.78		0	0	134	113
2026.07.01	01:00:17.971	1782867617971	4011.42	4012.55		0	0	134	113
2026.07.01	01:00:18.785	1782867618785	4011.50	4012.63		0	0	134	113
2026.07.01	01:00:18.796	1782867618796	4011.37	4012.50		0	0	134	113
2026.07.01	01:00:18.859	1782867618859	4011.52	4012.67		0	0	134	115
2026.07.01	01:00:18.868	1782867618868	4011.30	4012.47		0	0	134	117
2026.07.01	01:00:18.879	1782867618879	4011.13	4012.30		0	0	134	117
2026.07.01	01:00:18.889	1782867618889	4011.15	4012.31		0	0	134	116
2026.07.01	01:00:18.900	1782867618900	4011.27	4012.43		0	0	134	116
2026.07.01	01:00:18.960	1782867618960	4011.42	4012.55		0	0	134	113
2026.07.01	01:00:19.311	1782867619311	4011.14	4012.29		0	0	134	115
2026.07.01	01:00:19.322	1782867619322	4011.17	4012.32		0	0	134	115
2026.07.01	01:00:19.372	1782867619372	4011.24	4012.38		0	0	134	114
2026.07.01	01:00:19.382	1782867619382	4011.28	4012.42		0	0	134	114
2026.07.01	01:00:19.414	1782867619414	4011.26	4012.40		0	0	134	114
2026.07.01	01:00:19.444	1782867619444	4011.36	4012.50		0	0	134	114
2026.07.01	01:00:19.473	1782867619473	4011.62	4012.77		0	0	134	115
2026.07.01	01:00:19.483	1782867619483	4011.88	4013.05		0	0	134	117
2026.07.01	01:00:19.492	1782867619492	4011.61	4012.78		0	0	134	117
2026.07.01	01:00:19.533	1782867619533	4011.51	4012.65		0	0	134	114
2026.07.01	01:00:19.543	1782867619543	4011.50	4012.67		0	0	134	117
2026.07.01	01:00:19.563	1782867619563	4011.48	4012.65		0	0	134	117
2026.07.01	01:00:19.582	1782867619582	4011.77	4012.91		0	0	134	114
2026.07.01	01:00:19.624	1782867619624	4011.59	4012.76		0	0	134	117
2026.07.01	01:00:19.634	1782867619634	4011.75	4012.92		0	0	134	117
2026.07.01	01:00:19.644	1782867619644	4011.48	4012.65		0	0	134	117
2026.07.01	01:00:19.662	1782867619662	4011.45	4012.61		0	0	134	116
2026.07.01	01:00:19.692	1782867619692	4011.33	4012.50		0	0	134	117
2026.07.01	01:00:19.703	1782867619703	4011.37	4012.54		0	0	134	117
2026.07.01	01:00:19.705	1782867619705	4011.40	4012.57		0	0	134	117
2026.07.01	01:00:20.042	1782867620042	4011.64	4012.77		0	0	134	113
2026.07.01	01:00:20.062	1782867620062	4011.67	4012.80		0	0	134	113
2026.07.01	01:00:20.074	1782867620074	4011.42	4012.55		0	0	134	113
2026.07.01	01:00:20.322	1782867620322	4011.43	4012.57		0	0	134	114
2026.07.01	01:00:20.569	1782867620569	4011.33	4012.12		0	0	134	79
2026.07.01	01:00:20.816	1782867620816	4011.09	4012.21		0	0	134	112
2026.07.01	01:00:21.065	1782867621065	4011.13	4012.06		0	0	134	93
2026.07.01	01:00:21.189	1782867621189	4011.23	4012.05		0	0	134	82
2026.07.01	01:00:21.312	1782867621312	4011.21	4012.09		0	0	134	88
2026.07.01	01:00:21.435	1782867621435	4011.29	4012.04		0	0	134	75
2026.07.01	01:00:21.559	1782867621559	4011.11	4012.25		0	0	134	114
2026.07.01	01:00:21.796	1782867621796	4010.84	4011.97		0	0	134	113
2026.07.01	01:00:21.806	1782867621806	4010.78	4011.91		0	0	134	113
2026.07.01	01:00:21.818	1782867621818	4010.60	4011.73		0	0	134	113
2026.07.01	01:00:21.847	1782867621847	4010.57	4011.70		0	0	134	113
2026.07.01	01:00:21.866	1782867621866	4010.59	4011.72		0	0	134	113
2026.07.01	01:00:21.877	1782867621877	4010.50	4011.63		0	0	134	113
2026.07.01	01:00:21.887	1782867621887	4010.39	4011.51		0	0	134	112
2026.07.01	01:00:21.916	1782867621916	4010.65	4011.78		0	0	134	113
2026.07.01	01:00:21.927	1782867621927	4010.54	4011.67		0	0	134	113
2026.07.01	01:00:21.930	1782867621930	4010.81	4011.94		0	0	134	113
2026.07.01	01:00:22.053	1782867622053	4011.08	4012.21		0	0	134	113
2026.07.01	01:00:22.249	1782867622249	4010.89	4012.03		0	0	134	114
2026.07.01	01:00:22.259	1782867622259	4010.79	4011.93		0	0	134	114
2026.07.01	01:00:22.269	1782867622269	4010.59	4011.73		0	0	134	114
2026.07.01	01:00:22.300	1782867622300	4010.52	4011.66		0	0	134	114
2026.07.01	01:00:22.301	1782867622301	4010.79	4011.93		0	0	134	114
2026.07.01	01:00:22.424	1782867622424	4011.04	4012.16		0	0	134	112
2026.07.01	01:00:22.548	1782867622548	4011.15	4012.03		0	0	134	88
2026.07.01	01:00:22.672	1782867622672	4011.01	4012.13		0	0	134	112
2026.07.01	01:00:22.796	1782867622796	4011.03	4012.16		0	0	134	113
2026.07.01	01:00:22.919	1782867622919	4011.04	4012.03		0	0	134	99
2026.07.01	01:00:23.043	1782867623043	4011.04	4012.16		0	0	4	112
2026.07.01	01:00:23.251	1782867623251	4011.31	4012.43		0	0	134	112
2026.07.01	01:00:23.290	1782867623290	4011.11	4012.09		0	0	134	98
2026.07.01	01:00:23.546	1782867623546	4011.26	4012.38		0	0	134	112
2026.07.01	01:00:23.583	1782867623583	4011.32	4012.25		0	0	134	93
2026.07.01	01:00:23.675	1782867623675	4011.31	4012.30		0	0	134	99
2026.07.01	01:00:23.733	1782867623733	4011.32	4012.36		0	0	134	104
2026.07.01	01:00:23.742	1782867623742	4011.54	4012.68		0	0	134	114
2026.07.01	01:00:23.753	1782867623753	4011.43	4012.58		0	0	134	115
2026.07.01	01:00:23.772	1782867623772	4011.53	4012.68		0	0	134	115
2026.07.01	01:00:23.801	1782867623801	4011.27	4012.40		0	0	134	113
2026.07.01	01:00:23.813	1782867623813	4011.35	4012.48		0	0	134	113
2026.07.01	01:00:23.823	1782867623823	4011.63	4012.75		0	0	134	112
2026.07.01	01:00:23.863	1782867623863	4011.85	4012.79		0	0	134	94
2026.07.01	01:00:23.873	1782867623873	4011.81	4012.75		0	0	134	94
2026.07.01	01:00:23.923	1782867623923	4011.84	4012.78		0	0	134	94
2026.07.01	01:00:23.932	1782867623932	4011.87	4012.81		0	0	134	94
2026.07.01	01:00:23.942	1782867623942	4011.92	4012.86		0	0	134	94
2026.07.01	01:00:23.973	1782867623973	4011.84	4012.83		0	0	134	99
2026.07.01	01:00:23.984	1782867623984	4011.67	4012.80		0	0	134	113
2026.07.01	01:00:23.993	1782867623993	4011.59	4012.72		0	0	134	113
2026.07.01	01:00:24.004	1782867624004	4011.91	4012.94		0	0	134	103
2026.07.01	01:00:24.052	1782867624052	4012.04	4012.87		0	0	134	83
2026.07.01	01:00:24.112	1782867624112	4011.87	4012.99		0	0	134	112
2026.07.01	01:00:24.123	1782867624123	4011.59	4012.72		0	0	134	113
2026.07.01	01:00:24.143	1782867624143	4011.61	4012.74		0	0	134	113
2026.07.01	01:00:24.183	1782867624183	4011.60	4012.72		0	0	134	112
2026.07.01	01:00:24.193	1782867624193	4011.56	4012.68		0	0	134	112
2026.07.01	01:00:24.202	1782867624202	4011.53	4012.57		0	0	134	104
2026.07.01	01:00:24.212	1782867624212	4011.44	4012.48		0	0	134	104
2026.07.01	01:00:24.234	1782867624234	4011.20	4012.34		0	0	134	114
2026.07.01	01:00:24.243	1782867624243	4011.09	4012.23		0	0	134	114
2026.07.01	01:00:24.273	1782867624273	4011.13	4012.26		0	0	134	113
2026.07.01	01:00:24.369	1782867624369	4011.34	4012.12		0	0	134	78
2026.07.01	01:00:24.378	1782867624378	4011.30	4012.08		0	0	134	78
2026.07.01	01:00:24.399	1782867624399	4011.27	4012.05		0	0	134	78
2026.07.01	01:00:24.459	1782867624459	4011.38	4012.47		0	0	134	109
2026.07.01	01:00:24.499	1782867624499	4011.54	4012.60		0	0	134	106
2026.07.01	01:00:24.528	1782867624528	4011.62	4012.56		0	0	134	94
2026.07.01	01:00:24.589	1782867624589	4011.55	4012.49		0	0	134	94
2026.07.01	01:00:25.391	1782867625391	4011.33	4012.16		0	0	134	83
2026.07.01	01:00:26.032	1782867626032	4010.98	4011.97		0	0	134	99
2026.07.01	01:00:26.090	1782867626090	4010.89	4011.92		0	0	134	103
2026.07.01	01:00:26.101	1782867626101	4010.95	4011.98		0	0	134	103
2026.07.01	01:00:26.114	1782867626114	4011.00	4012.03		0	0	134	103
2026.07.01	01:00:26.155	1782867626155	4011.07	4012.00		0	0	134	93
2026.07.01	01:00:26.165	1782867626165	4011.03	4011.91		0	0	134	88
2026.07.01	01:00:26.195	1782867626195	4011.00	4011.88		0	0	134	88
2026.07.01	01:00:26.330	1782867626330	4011.09	4012.02		0	0	134	93
2026.07.01	01:00:26.380	1782867626380	4010.99	4012.05		0	0	134	106
2026.07.01	01:00:26.390	1782867626390	4010.96	4012.02		0	0	134	106
2026.07.01	01:00:26.399	1782867626399	4011.05	4012.03		0	0	134	98
2026.07.01	01:00:26.409	1782867626409	4011.19	4012.17		0	0	134	98
2026.07.01	01:00:26.444	1782867626444	4011.21	4012.04		0	0	134	83
2026.07.01	01:00:26.453	1782867626453	4011.24	4012.07		0	0	134	83
2026.07.01	01:00:26.540	1782867626540	4011.36	4012.49		0	0	134	113
2026.07.01	01:00:26.550	1782867626550	4011.28	4012.41		0	0	134	113
2026.07.01	01:00:26.561	1782867626561	4011.47	4012.60		0	0	134	113
2026.07.01	01:00:26.610	1782867626610	4011.68	4012.51		0	0	134	83
2026.07.01	01:00:26.631	1782867626631	4011.26	4012.39		0	0	134	113
2026.07.01	01:00:26.642	1782867626642	4011.01	4012.14		0	0	134	113
2026.07.01	01:00:26.652	1782867626652	4010.76	4011.84		0	0	134	108
2026.07.01	01:00:26.680	1782867626680	4011.00	4012.13		0	0	134	113
2026.07.01	01:00:26.692	1782867626692	4010.92	4012.06		0	0	134	114
2026.07.01	01:00:26.701	1782867626701	4011.19	4012.34		0	0	134	115
2026.07.01	01:00:26.712	1782867626712	4010.92	4012.07		0	0	134	115
2026.07.01	01:00:26.731	1782867626731	4010.98	4012.13		0	0	134	115
2026.07.01	01:00:26.740	1782867626740	4010.79	4011.93		0	0	134	114
2026.07.01	01:00:26.750	1782867626750	4010.88	4012.02		0	0	134	114
2026.07.01	01:00:26.751	1782867626751	4010.92	4012.07		0	0	134	115
2026.07.01	01:00:27.062	1782867627062	4011.24	4012.28		0	0	134	104
2026.07.01	01:00:27.181	1782867627181	4011.35	4012.29		0	0	134	94
2026.07.01	01:00:27.400	1782867627400	4010.99	4012.12		0	0	134	113
2026.07.01	01:00:27.410	1782867627410	4010.86	4011.99		0	0	134	113
2026.07.01	01:00:27.420	1782867627420	4011.13	4012.25		0	0	134	112
2026.07.01	01:00:27.452	1782867627452	4011.02	4012.15		0	0	134	113
2026.07.01	01:00:27.463	1782867627463	4010.94	4012.06		0	0	134	112
2026.07.01	01:00:27.472	1782867627472	4011.10	4012.22		0	0	134	112
2026.07.01	01:00:27.493	1782867627493	4010.93	4012.05		0	0	134	112
2026.07.01	01:00:27.988	1782867627988	4011.00	4011.99		0	0	134	99
2026.07.01	01:00:28.418	1782867628418	4011.19	4012.33		0	0	134	114
2026.07.01	01:00:28.459	1782867628459	4011.48	4012.60		0	0	134	112
2026.07.01	01:00:28.468	1782867628468	4011.63	4012.75		0	0	134	112
2026.07.01	01:00:28.478	1782867628478	4011.57	4012.61		0	0	134	104
2026.07.01	01:00:28.517	1782867628517	4011.26	4012.39		0	0	134	113
2026.07.01	01:00:28.538	1782867628538	4011.35	4012.49		0	0	134	114
2026.07.01	01:00:28.546	1782867628546	4011.44	4012.58		0	0	134	114
2026.07.01	01:00:28.578	1782867628578	4011.50	4012.62		0	0	134	112
2026.07.01	01:00:28.588	1782867628588	4011.56	4012.68		0	0	134	112
2026.07.01	01:00:28.597	1782867628597	4011.61	4012.73		0	0	134	112
2026.07.01	01:00:28.609	1782867628609	4011.56	4012.68		0	0	134	112
2026.07.01	01:00:28.618	1782867628618	4011.61	4012.73		0	0	134	112
2026.07.01	01:00:28.668	1782867628668	4011.64	4012.63		0	0	134	99
2026.07.01	01:00:28.757	1782867628757	4011.69	4012.73		0	0	134	104
2026.07.01	01:00:28.778	1782867628778	4011.64	4012.68		0	0	134	104
2026.07.01	01:00:28.812	1782867628812	4011.74	4012.63		0	0	134	89
2026.07.01	01:00:28.834	1782867628834	4011.76	4012.65		0	0	134	89
2026.07.01	01:00:28.864	1782867628864	4011.74	4012.63		0	0	134	89
2026.07.01	01:00:29.165	1782867629165	4011.35	4012.47		0	0	134	112
2026.07.01	01:00:29.174	1782867629174	4011.16	4012.31		0	0	134	115
2026.07.01	01:00:29.184	1782867629184	4011.07	4012.22		0	0	134	115
2026.07.01	01:00:29.205	1782867629205	4010.85	4011.98		0	0	134	113
2026.07.01	01:00:29.214	1782867629214	4010.74	4011.87		0	0	134	113
2026.07.01	01:00:29.256	1782867629256	4010.86	4011.85		0	0	134	99
2026.07.01	01:00:29.276	1782867629276	4010.75	4011.84		0	0	134	109
2026.07.01	01:00:29.287	1782867629287	4010.69	4011.78		0	0	134	109
2026.07.01	01:00:29.296	1782867629296	4010.90	4011.99		0	0	134	109
2026.07.01	01:00:29.318	1782867629318	4010.85	4011.94		0	0	134	109
2026.07.01	01:00:29.396	1782867629396	4011.04	4012.17		0	0	134	113
2026.07.01	01:00:29.405	1782867629405	4011.03	4012.16		0	0	134	113
2026.07.01	01:00:29.415	1782867629415	4010.95	4012.08		0	0	134	113
2026.07.01	01:00:29.472	1782867629472	4011.22	4012.35		0	0	134	113
2026.07.01	01:00:29.843	1782867629843	4011.42	4012.58		0	0	134	116
2026.07.01	01:00:30.213	1782867630213	4011.50	4012.64		0	0	134	114
2026.07.01	01:00:30.977	1782867630977	4011.30	4012.44		0	0	134	114
2026.07.01	01:00:30.998	1782867630998	4011.27	4012.41		0	0	134	114
2026.07.01	01:00:31.007	1782867631007	4011.30	4012.44		0	0	134	114
2026.07.01	01:00:32.008	1782867632008	4011.33	4012.46		0	0	134	113
2026.07.01	01:00:32.317	1782867632317	4011.24	4012.24		0	0	134	100
2026.07.01	01:00:32.934	1782867632934	4011.64	4012.37		0	0	134	73
2026.07.01	01:00:33.306	1782867633306	4011.68	4012.41		0	0	134	73
2026.07.01	01:00:33.429	1782867633429	4011.69	4012.45		0	0	134	76
2026.07.01	01:00:33.554	1782867633554	4011.71	4012.43		0	0	134	72
2026.07.01	01:00:33.676	1782867633676	4011.64	4012.50		0	0	134	86
2026.07.01	01:00:34.048	1782867634048	4011.63	4012.43		0	0	134	80
2026.07.01	01:00:35.408	1782867635408	4011.53	4011.99		0	0	134	46
2026.07.01	01:00:37.015	1782867637015	4011.47	4011.93		0	0	134	46
2026.07.01	01:00:38.375	1782867638375	4011.43	4011.89		0	0	134	46
2026.07.01	01:00:40.107	1782867640107	4011.46	4011.92		0	0	134	46
2026.07.01	01:00:40.849	1782867640849	4011.40	4012.17		0	0	134	77
2026.07.01	01:00:40.974	1782867640974	4011.67	4012.33		0	0	134	66
2026.07.01	01:00:41.467	1782867641467	4011.74	4012.20		0	0	134	46
2026.07.01	01:00:41.590	1782867641590	4011.78	4012.24		0	0	134	46
2026.07.01	01:00:41.838	1782867641838	4011.77	4012.23		0	0	134	46
2026.07.01	01:00:41.961	1782867641961	4011.73	4012.19		0	0	134	46
2026.07.01	01:00:42.950	1782867642950	4011.74	4012.15		0	0	134	41
2026.07.01	01:00:43.074	1782867643074	4011.73	4012.14		0	0	134	41
2026.07.01	01:00:43.198	1782867643198	4011.72	4012.13		0	0	134	41
2026.07.01	01:00:44.188	1782867644188	4011.67	4012.15		0	0	134	48
2026.07.01	01:00:45.918	1782867645918	4011.67	4012.13		0	0	4	46
2026.07.01	01:00:46.042	1782867646042	4011.63	4012.09		0	0	134	46
2026.07.01	01:00:46.289	1782867646289	4011.76	4012.17		0	0	134	41
2026.07.01	01:00:46.908	1782867646908	4011.75	4012.16		0	0	134	41
2026.07.01	01:00:48.143	1782867648143	4011.73	4012.14		0	0	134	41
2026.07.01	01:00:48.514	1782867648514	4011.75	4012.16		0	0	134	41
2026.07.01	01:00:49.379	1782867649379	4011.79	4012.19		0	0	134	40
2026.07.01	01:00:51.853	1782867651853	4011.78	4012.19		0	0	130	41
2026.07.01	01:00:55.935	1782867655935	4011.62	4012.03		0	0	134	41
2026.07.01	01:00:56.057	1782867656057	4011.58	4011.99		0	0	134	41
2026.07.01	01:00:56.427	1782867656427	4011.60	4012.01		0	0	134	41
2026.07.01	01:00:56.676	1782867656676	4011.61	4012.02		0	0	134	41
2026.07.01	01:00:56.798	1782867656798	4011.62	4012.03		0	0	134	41
2026.07.01	01:00:56.922	1782867656922	4011.64	4012.03		0	0	130	39
2026.07.01	01:00:57.046	1782867657046	4011.61	4012.10		0	0	134	49
2026.07.01	01:00:57.170	1782867657170	4011.60	4012.09		0	0	134	49
2026.07.01	01:00:57.788	1782867657788	4011.63	4012.10		0	0	134	47
2026.07.01	01:00:57.912	1782867657912	4011.65	4012.07		0	0	134	42
2026.07.01	01:00:58.652	1782867658652	4011.75	4012.04		0	0	134	29
2026.07.01	01:00:58.901	1782867658901	4011.65	4012.05		0	0	134	40
2026.07.01	01:00:59.645	1782867659645	4011.65	4012.06		0	0	4	41
2026.07.01	01:00:59.890	1782867659890	4011.72	4012.13		0	0	134	41
2026.07.01	01:01:00.139	1782867660139	4011.71	4012.12		0	0	134	41
2026.07.01	01:01:00.263	1782867660263	4011.70	4012.66		0	0	134	96
2026.07.01	01:01:00.387	1782867660387	4011.97	4012.93		0	0	134	96
2026.07.01	01:01:00.508	1782867660508	4012.11	4012.95		0	0	134	84
2026.07.01	01:01:00.757	1782867660757	4012.14	4012.95		0	0	130	81
2026.07.01	01:01:01.003	1782867661003	4012.11	4012.94		0	0	134	83
2026.07.01	01:01:01.127	1782867661127	4012.15	4012.97		0	0	134	82
2026.07.01	01:01:01.250	1782867661250	4012.16	4012.92		0	0	134	76
2026.07.01	01:01:01.497	1782867661497	4012.17	4012.93		0	0	134	76
2026.07.01	01:01:01.868	1782867661868	4012.17	4012.94		0	0	4	77
2026.07.01	01:01:01.992	1782867661992	4012.23	4013.03		0	0	134	80
2026.07.01	01:01:03.623	1782867663623	4012.11	4012.92		0	0	134	81
2026.07.01	01:01:03.805	1782867663805	4012.14	4012.85		0	0	134	71
2026.07.01	01:01:04.961	1782867664961	4012.42	4013.03		0	0	134	61
2026.07.01	01:01:05.084	1782867665084	4012.12	4012.79		0	0	134	67
2026.07.01	01:01:05.207	1782867665207	4011.96	4012.74		0	0	134	78
2026.07.01	01:01:05.330	1782867665330	4011.77	4012.76		0	0	134	99
2026.07.01	01:01:05.453	1782867665453	4011.91	4012.69		0	0	134	78
2026.07.01	01:01:05.578	1782867665578	4012.04	4012.67		0	0	134	63
2026.07.01	01:01:05.826	1782867665826	4012.06	4012.69		0	0	134	63
2026.07.01	01:01:05.949	1782867665949	4011.82	4012.74		0	0	134	92
2026.07.01	01:01:07.178	1782867667178	4011.99	4013.11		0	0	134	112
2026.07.01	01:01:07.187	1782867667187	4012.29	4013.36		0	0	134	107
2026.07.01	01:01:07.256	1782867667256	4012.64	4013.43		0	0	134	79
2026.07.01	01:01:07.277	1782867667277	4012.69	4013.48		0	0	134	79
2026.07.01	01:01:07.298	1782867667298	4012.75	4013.49		0	0	134	74
2026.07.01	01:01:07.310	1782867667310	4012.48	4013.22		0	0	134	74
2026.07.01	01:01:07.432	1782867667432	4012.16	4013.01		0	0	134	85
2026.07.01	01:01:07.556	1782867667556	4011.95	4012.69		0	0	134	74
2026.07.01	01:01:07.927	1782867667927	4011.75	4012.86		0	0	134	111
2026.07.01	01:01:08.174	1782867668174	4011.79	4012.87		0	0	134	108
2026.07.01	01:01:09.482	1782867669482	4011.57	4012.57		0	0	134	100
2026.07.01	01:01:09.494	1782867669494	4011.30	4012.30		0	0	134	100
2026.07.01	01:01:09.511	1782867669511	4011.03	4012.03		0	0	134	100
2026.07.01	01:01:09.542	1782867669542	4011.01	4011.90		0	0	134	89
2026.07.01	01:01:09.783	1782867669783	4011.33	4012.12		0	0	134	79
2026.07.01	01:01:11.266	1782867671266	4011.74	4012.24		0	0	134	50
2026.07.01	01:01:11.513	1782867671513	4011.79	4012.30		0	0	134	51
2026.07.01	01:01:11.636	1782867671636	4011.84	4012.35		0	0	134	51
2026.07.01	01:01:11.760	1782867671760	4011.94	4012.34		0	0	134	40
2026.07.01	01:01:11.884	1782867671884	4011.90	4012.30		0	0	134	40
2026.07.01	01:01:13.121	1782867673121	4011.90	4012.31		0	0	4	41
2026.07.01	01:01:14.233	1782867674233	4011.81	4012.21		0	0	134	40
2026.07.01	01:01:14.480	1782867674480	4011.83	4012.22		0	0	134	39
2026.07.01	01:01:15.594	1782867675594	4011.81	4012.21		0	0	134	40
2026.07.01	01:01:17.324	1782867677324	4011.82	4012.17		0	0	134	35
2026.07.01	01:01:17.449	1782867677449	4011.82	4012.22		0	0	4	40
2026.07.01	01:01:18.066	1782867678066	4011.76	4012.43		0	0	134	67
2026.07.01	01:01:18.190	1782867678190	4011.91	4012.31		0	0	134	40
2026.07.01	01:01:18.313	1782867678313	4011.92	4012.32		0	0	134	40
2026.07.01	01:01:20.045	1782867680045	4011.95	4012.35		0	0	134	40
2026.07.01	01:01:20.663	1782867680663	4011.95	4012.39		0	0	4	44
2026.07.01	01:01:23.754	1782867683754	4012.05	4012.44		0	0	134	39
2026.07.01	01:01:26.721	1782867686721	4012.10	4012.50		0	0	134	40
2026.07.01	01:01:27.711	1782867687711	4011.94	4012.34		0	0	134	40
2026.07.01	01:01:27.835	1782867687835	4011.99	4012.34		0	0	130	35
2026.07.01	01:01:28.699	1782867688699	4012.04	4012.34		0	0	130	30
2026.07.01	01:01:30.641	1782867690641	4012.06	4012.36		0	0	134	30
2026.07.01	01:01:30.678	1782867690678	4011.94	4012.24		0	0	134	30
2026.07.01	01:01:34.140	1782867694140	4012.05	4012.45		0	0	134	40
2026.07.01	01:01:37.108	1782867697108	4012.09	4012.44		0	0	134	35
2026.07.01	01:01:37.231	1782867697231	4012.09	4012.43		0	0	4	34
2026.07.01	01:01:40.199	1782867700199	4012.15	4012.50		0	0	134	35
2026.07.01	01:01:40.816	1782867700816	4012.09	4012.49		0	0	134	40
2026.07.01	01:01:42.424	1782867702424	4012.10	4012.50		0	0	134	40
2026.07.01	01:01:43.907	1782867703907	4012.09	4012.49		0	0	134	40
2026.07.01	01:01:44.773	1782867704773	4012.11	4012.46		0	0	134	35
2026.07.01	01:01:45.762	1782867705762	4012.19	4012.66		0	0	134	47
2026.07.01	01:01:46.848	1782867706848	4011.84	4012.47		0	0	134	63
2026.07.01	01:01:46.868	1782867706868	4011.72	4012.42		0	0	134	70
2026.07.01	01:01:46.874	1782867706874	4011.84	4012.62		0	0	134	78
2026.07.01	01:01:46.999	1782867706999	4011.76	4012.39		0	0	134	63
2026.07.01	01:01:47.122	1782867707122	4011.88	4012.47		0	0	134	59
2026.07.01	01:01:47.247	1782867707247	4011.84	4012.42		0	0	134	58
2026.07.01	01:01:48.853	1782867708853	4011.88	4012.43		0	0	134	55
2026.07.01	01:01:49.101	1782867709101	4011.88	4012.35		0	0	4	47
2026.07.01	01:01:51.697	1782867711697	4011.78	4012.47		0	0	134	69
2026.07.01	01:01:51.820	1782867711820	4011.77	4012.43		0	0	134	66
2026.07.01	01:01:51.944	1782867711944	4011.76	4012.42		0	0	134	66
2026.07.01	01:01:52.068	1782867712068	4011.77	4012.43		0	0	134	66
2026.07.01	01:01:52.192	1782867712192	4011.63	4012.07		0	0	134	44
2026.07.01	01:01:52.439	1782867712439	4011.61	4012.05		0	0	134	44
2026.07.01	01:01:53.428	1782867713428	4011.67	4012.05		0	0	130	38
2026.07.01	01:01:54.912	1782867714912	4011.73	4012.02		0	0	134	29
2026.07.01	01:01:55.654	1782867715654	4011.74	4012.03		0	0	134	29
2026.07.01	01:01:57.013	1782867717013	4011.73	4012.36		0	0	134	63
2026.07.01	01:01:57.137	1782867717137	4011.89	4012.33		0	0	134	44
2026.07.01	01:01:58.002	1782867718002	4011.94	4012.35		0	0	134	41
2026.07.01	01:01:58.869	1782867718869	4011.92	4012.40		0	0	134	48
2026.07.01	01:01:59.239	1782867719239	4011.92	4012.39		0	0	4	47
2026.07.01	01:02:00.846	1782867720846	4011.95	4012.38		0	0	134	43
2026.07.01	01:02:00.970	1782867720970	4012.14	4012.53		0	0	134	39
2026.07.01	01:02:01.094	1782867721094	4012.21	4012.57		0	0	134	36
2026.07.01	01:02:02.824	1782867722824	4012.17	4012.56		0	0	134	39
2026.07.01	01:02:03.071	1782867723071	4012.20	4012.63		0	0	134	43
2026.07.01	01:02:03.567	1782867723567	4012.26	4012.60		0	0	134	34
2026.07.01	01:02:03.690	1782867723690	4012.20	4012.94		0	0	134	74
2026.07.01	01:02:03.814	1782867723814	4012.31	4012.86		0	0	134	55
2026.07.01	01:02:04.061	1782867724061	4012.37	4012.88		0	0	134	51
2026.07.01	01:02:04.184	1782867724184	4012.38	4012.89		0	0	134	51
2026.07.01	01:02:05.174	1782867725174	4012.57	4012.95		0	0	134	38
2026.07.01	01:02:07.153	1782867727153	4012.81	4013.08		0	0	134	27
2026.07.01	01:02:07.647	1782867727647	4012.86	4013.13		0	0	134	27
2026.07.01	01:02:10.243	1782867730243	4012.89	4013.17		0	0	134	28
2026.07.01	01:02:11.603	1782867731603	4012.85	4013.13		0	0	134	28
2026.07.01	01:02:11.727	1782867731727	4012.82	4013.10		0	0	134	28
2026.07.01	01:02:11.850	1782867731850	4012.87	4013.15		0	0	134	28
2026.07.01	01:02:11.975	1782867731975	4012.77	4013.05		0	0	134	28
2026.07.01	01:02:12.099	1782867732099	4012.78	4013.06		0	0	134	28
2026.07.01	01:02:13.087	1782867733087	4012.80	4013.10		0	0	134	30
2026.07.01	01:02:13.705	1782867733705	4012.60	4012.88		0	0	134	28
2026.07.01	01:02:13.953	1782867733953	4012.51	4012.84		0	0	134	33
2026.07.01	01:02:14.077	1782867734077	4012.22	4012.60		0	0	134	38
2026.07.01	01:02:14.448	1782867734448	4012.17	4012.66		0	0	134	49
2026.07.01	01:02:15.437	1782867735437	4012.19	4012.89		0	0	134	70
2026.07.01	01:02:15.684	1782867735684	4012.22	4012.76		0	0	134	54
2026.07.01	01:02:15.808	1782867735808	4012.23	4012.74		0	0	134	51
2026.07.01	01:02:16.179	1782867736179	4012.18	4012.61		0	0	134	43
2026.07.01	01:02:16.796	1782867736796	4012.15	4012.79		0	0	134	64
2026.07.01	01:02:16.920	1782867736920	4012.19	4012.84		0	0	134	65
2026.07.01	01:02:17.043	1782867737043	4012.19	4012.87		0	0	4	68
2026.07.01	01:02:18.404	1782867738404	4012.22	4012.90		0	0	134	68
2026.07.01	01:02:18.651	1782867738651	4012.30	4012.97		0	0	134	67
2026.07.01	01:02:18.775	1782867738775	4012.29	4012.96		0	0	134	67
2026.07.01	01:02:19.145	1782867739145	4012.32	4012.99		0	0	134	67
2026.07.01	01:02:19.640	1782867739640	4012.35	4013.20		0	0	134	85
2026.07.01	01:02:20.135	1782867740135	4012.83	4013.26		0	0	134	43
2026.07.01	01:02:20.259	1782867740259	4013.00	4013.44		0	0	134	44
2026.07.01	01:02:23.225	1782867743225	4013.35	4013.63		0	0	134	28
2026.07.01	01:02:23.844	1782867743844	4013.58	4013.94		0	0	134	36
2026.07.01	01:02:23.968	1782867743968	4013.57	4013.93		0	0	134	36
2026.07.01	01:02:24.091	1782867744091	4013.59	4014.12		0	0	134	53
2026.07.01	01:02:24.215	1782867744215	4013.64	4014.04		0	0	134	40
2026.07.01	01:02:25.205	1782867745205	4013.62	4014.08		0	0	134	46
2026.07.01	01:02:26.441	1782867746441	4013.58	4014.11		0	0	134	53
2026.07.01	01:02:26.812	1782867746812	4013.85	4014.13		0	0	134	28
2026.07.01	01:02:27.182	1782867747182	4013.84	4014.12		0	0	134	28
2026.07.01	01:02:29.165	1782867749165	4013.87	4014.34		0	0	134	47
2026.07.01	01:02:29.408	1782867749408	4013.87	4014.23		0	0	4	36
2026.07.01	01:02:29.532	1782867749532	4013.87	4014.22		0	0	4	35
2026.07.01	01:02:29.780	1782867749780	4013.87	4014.21		0	0	4	34
2026.07.01	01:02:29.903	1782867749903	4013.94	4014.23		0	0	134	29
2026.07.01	01:02:30.151	1782867750151	4013.95	4014.34		0	0	134	39
2026.07.01	01:02:30.274	1782867750274	4013.94	4014.52		0	0	134	58
2026.07.01	01:02:30.397	1782867750397	4013.96	4014.51		0	0	134	55
2026.07.01	01:02:30.645	1782867750645	4014.01	4014.52		0	0	134	51
2026.07.01	01:02:30.768	1782867750768	4014.05	4014.90		0	0	134	85
2026.07.01	01:02:31.757	1782867751757	4014.14	4014.86		0	0	134	72
2026.07.01	01:02:32.252	1782867752252	4014.11	4015.03		0	0	134	92
2026.07.01	01:02:32.376	1782867752376	4014.07	4014.98		0	0	134	91
2026.07.01	01:02:32.628	1782867752628	4014.08	4014.92		0	0	134	84
2026.07.01	01:02:32.747	1782867752747	4014.04	4014.90		0	0	134	86
2026.07.01	01:02:32.993	1782867752993	4014.37	4014.91		0	0	134	54
2026.07.01	01:02:33.118	1782867753118	4014.39	4014.85		0	0	134	46
2026.07.01	01:02:33.365	1782867753365	4014.25	4014.88		0	0	134	63
2026.07.01	01:02:34.660	1782867754660	4014.38	4014.82		0	0	134	44
2026.07.01	01:02:34.963	1782867754963	4014.34	4014.74		0	0	134	40
2026.07.01	01:02:34.973	1782867754973	4014.32	4014.72		0	0	134	40
2026.07.01	01:02:35.343	1782867755343	4014.36	4014.75		0	0	134	39
2026.07.01	01:02:35.962	1782867755962	4014.58	4014.86		0	0	134	28
2026.07.01	01:02:36.332	1782867756332	4014.47	4014.74		0	0	134	27
2026.07.01	01:02:36.456	1782867756456	4014.48	4014.76		0	0	134	28
2026.07.01	01:02:36.580	1782867756580	4014.54	4014.82		0	0	134	28
2026.07.01	01:02:36.828	1782867756828	4014.56	4014.84		0	0	134	28
2026.07.01	01:02:36.951	1782867756951	4014.46	4014.74		0	0	134	28
2026.07.01	01:02:37.073	1782867757073	4014.23	4014.66		0	0	134	43
2026.07.01	01:02:37.198	1782867757198	4014.15	4014.83		0	0	134	68
2026.07.01	01:02:37.446	1782867757446	4014.31	4014.75		0	0	134	44
2026.07.01	01:02:37.693	1782867757693	4014.33	4014.76		0	0	134	43
2026.07.01	01:02:38.434	1782867758434	4014.31	4014.70		0	0	134	39
2026.07.01	01:02:38.558	1782867758558	4014.33	4014.73		0	0	134	40
2026.07.01	01:02:38.681	1782867758681	4014.33	4014.82		0	0	4	49
2026.07.01	01:02:39.795	1782867759795	4014.35	4014.80		0	0	134	45
2026.07.01	01:02:39.918	1782867759918	4014.38	4014.79		0	0	134	41
2026.07.01	01:02:40.288	1782867760288	4014.45	4014.81		0	0	134	36
2026.07.01	01:02:41.031	1782867761031	4014.43	4014.74		0	0	134	31
2026.07.01	01:02:43.379	1782867763379	4014.71	4014.99		0	0	134	28
2026.07.01	01:02:43.751	1782867763751	4014.65	4014.93		0	0	134	28
2026.07.01	01:02:43.875	1782867763875	4014.71	4014.99		0	0	134	28
2026.07.01	01:02:43.998	1782867763998	4014.51	4014.79		0	0	134	28
2026.07.01	01:02:44.123	1782867764123	4014.56	4014.84		0	0	134	28
2026.07.01	01:02:44.245	1782867764245	4014.55	4014.83		0	0	134	28
2026.07.01	01:02:44.493	1782867764493	4014.69	4014.97		0	0	134	28
2026.07.01	01:02:44.864	1782867764864	4014.70	4014.98		0	0	134	28
2026.07.01	01:02:44.988	1782867764988	4014.71	4014.99		0	0	134	28
2026.07.01	01:02:46.100	1782867766100	4014.72	4015.00		0	0	134	28
2026.07.01	01:02:46.470	1782867766470	4014.67	4014.95		0	0	134	28
2026.07.01	01:02:46.594	1782867766594	4014.56	4014.84		0	0	134	28
2026.07.01	01:02:46.718	1782867766718	4014.55	4014.83		0	0	134	28
2026.07.01	01:02:46.842	1782867766842	4014.59	4014.87		0	0	134	28
2026.07.01	01:02:47.090	1782867767090	4014.63	4014.91		0	0	134	28
2026.07.01	01:02:47.336	1782867767336	4014.65	4014.93		0	0	134	28
2026.07.01	01:02:47.461	1782867767461	4014.75	4015.03		0	0	134	28
2026.07.01	01:02:47.583	1782867767583	4014.76	4015.04		0	0	134	28
2026.07.01	01:02:48.944	1782867768944	4014.65	4014.93		0	0	134	28
2026.07.01	01:02:49.067	1782867769067	4014.55	4014.83		0	0	134	28
2026.07.01	01:02:49.191	1782867769191	4014.58	4014.86		0	0	134	28
2026.07.01	01:02:49.438	1782867769438	4014.62	4014.90		0	0	134	28
2026.07.01	01:02:49.687	1782867769687	4014.63	4014.91		0	0	134	28
2026.07.01	01:02:49.811	1782867769811	4014.67	4014.95		0	0	134	28
2026.07.01	01:02:49.934	1782867769934	4014.68	4014.96		0	0	134	28
2026.07.01	01:02:50.181	1782867770181	4014.60	4014.88		0	0	134	28
2026.07.01	01:02:50.552	1782867770552	4014.56	4014.84		0	0	134	28
2026.07.01	01:02:50.675	1782867770675	4014.54	4014.82		0	0	134	28
2026.07.01	01:02:50.799	1782867770799	4014.48	4014.76		0	0	134	28
2026.07.01	01:02:50.922	1782867770922	4014.49	4014.77		0	0	134	28
2026.07.01	01:02:51.169	1782867771169	4014.50	4014.78		0	0	134	28
2026.07.01	01:02:51.912	1782867771912	4014.51	4014.79		0	0	134	28
2026.07.01	01:02:52.159	1782867772159	4014.48	4014.76		0	0	134	28
2026.07.01	01:02:52.282	1782867772282	4014.44	4014.72		0	0	134	28
2026.07.01	01:02:53.889	1782867773889	4014.45	4014.73		0	0	134	28
2026.07.01	01:02:55.126	1782867775126	4014.35	4014.62		0	0	134	27
2026.07.01	01:02:55.249	1782867775249	4014.24	4014.52		0	0	134	28
2026.07.01	01:02:55.374	1782867775374	4014.18	4014.46		0	0	134	28
2026.07.01	01:02:55.744	1782867775744	4014.17	4014.45		0	0	134	28
2026.07.01	01:02:55.869	1782867775869	4014.15	4014.43		0	0	134	28
2026.07.01	01:02:56.364	1782867776364	4014.10	4014.38		0	0	134	28
2026.07.01	01:02:57.476	1782867777476	4014.11	4014.39		0	0	134	28
2026.07.01	01:02:58.094	1782867778094	4014.09	4014.37		0	0	134	28
2026.07.01	01:02:58.835	1782867778835	4014.10	4014.38		0	0	134	28
2026.07.01	01:02:59.701	1782867779701	4014.11	4014.39		0	0	134	28
2026.07.01	01:03:00.443	1782867780443	4014.20	4014.54		0	0	134	34
2026.07.01	01:03:00.566	1782867780566	4014.26	4014.62		0	0	134	36
2026.07.01	01:03:00.690	1782867780690	4014.26	4014.61		0	0	4	35
2026.07.01	01:03:00.814	1782867780814	4014.27	4014.56		0	0	134	29
2026.07.01	01:03:00.938	1782867780938	4014.26	4014.56		0	0	130	30
2026.07.01	01:03:01.061	1782867781061	4014.26	4014.55		0	0	4	29
2026.07.01	01:03:01.432	1782867781432	4014.27	4014.56		0	0	134	29
2026.07.01	01:03:01.680	1782867781680	4014.18	4014.46		0	0	134	28
2026.07.01	01:03:02.915	1782867782915	4014.19	4014.47		0	0	134	28
2026.07.01	01:03:04.277	1782867784277	4014.03	4014.33		0	0	134	30
2026.07.01	01:03:04.523	1782867784523	4014.00	4014.32		0	0	134	32
2026.07.01	01:03:04.770	1782867784770	4013.95	4014.31		0	0	134	36
2026.07.01	01:03:06.131	1782867786131	4013.86	4014.24		0	0	134	38
2026.07.01	01:03:06.258	1782867786258	4013.68	4014.17		0	0	134	49
2026.07.01	01:03:06.380	1782867786380	4013.64	4014.13		0	0	134	49
2026.07.01	01:03:06.503	1782867786503	4013.63	4014.05		0	0	134	42
2026.07.01	01:03:06.626	1782867786626	4013.49	4014.29		0	0	134	80
2026.07.01	01:03:07.739	1782867787739	4013.46	4013.79		0	0	134	33
2026.07.01	01:03:07.863	1782867787863	4013.42	4013.70		0	0	134	28
2026.07.01	01:03:07.988	1782867787988	4013.41	4013.69		0	0	134	28
2026.07.01	01:03:08.109	1782867788109	4013.44	4013.78		0	0	134	34
2026.07.01	01:03:08.356	1782867788356	4013.44	4013.72		0	0	4	28
2026.07.01	01:03:09.469	1782867789469	4013.45	4013.73		0	0	134	28
2026.07.01	01:03:09.593	1782867789593	4013.43	4013.73		0	0	130	30
2026.07.01	01:03:09.717	1782867789717	4013.54	4014.16		0	0	134	62
2026.07.01	01:03:09.840	1782867789840	4013.58	4014.21		0	0	134	63
2026.07.01	01:03:10.211	1782867790211	4013.58	4014.18		0	0	4	60
2026.07.01	01:03:10.829	1782867790829	4013.56	4014.23		0	0	134	67
2026.07.01	01:03:11.695	1782867791695	4013.62	4014.23		0	0	130	61
2026.07.01	01:03:12.685	1782867792685	4014.06	4014.34		0	0	134	28
2026.07.01	01:03:12.808	1782867792808	4014.18	4014.46		0	0	134	28
2026.07.01	01:03:13.178	1782867793178	4014.22	4014.51		0	0	134	29
2026.07.01	01:03:13.426	1782867793426	4014.20	4014.50		0	0	134	30
2026.07.01	01:03:13.798	1782867793798	4014.19	4014.49		0	0	134	30
2026.07.01	01:03:14.539	1782867794539	4014.20	4014.54		0	0	134	34
2026.07.01	01:03:15.776	1782867795776	4014.44	4014.72		0	0	134	28
2026.07.01	01:03:15.899	1782867795899	4014.27	4014.55		0	0	134	28
2026.07.01	01:03:18.618	1782867798618	4014.23	4014.51		0	0	134	28
2026.07.01	01:03:18.742	1782867798742	4014.09	4014.37		0	0	134	28
2026.07.01	01:03:18.866	1782867798866	4014.07	4014.35		0	0	134	28
2026.07.01	01:03:18.990	1782867798990	4014.05	4014.33		0	0	134	28
2026.07.01	01:03:19.608	1782867799608	4014.07	4014.35		0	0	134	28
2026.07.01	01:03:19.731	1782867799731	4014.10	4014.38		0	0	134	28
2026.07.01	01:03:20.720	1782867800720	4014.12	4014.40		0	0	134	28
2026.07.01	01:03:21.091	1782867801091	4014.13	4014.41		0	0	134	28
2026.07.01	01:03:21.339	1782867801339	4014.14	4014.42		0	0	134	28
2026.07.01	01:03:21.710	1782867801710	4014.15	4014.43		0	0	134	28
2026.07.01	01:03:21.957	1782867801957	4014.12	4014.40		0	0	134	28
2026.07.01	01:03:22.451	1782867802451	4014.19	4014.47		0	0	134	28
2026.07.01	01:03:22.946	1782867802946	4014.21	4014.49		0	0	134	28
2026.07.01	01:03:23.687	1782867803687	4014.26	4014.54		0	0	134	28
2026.07.01	01:03:23.811	1782867803811	4014.27	4014.55		0	0	134	28
2026.07.01	01:03:24.553	1782867804553	4014.22	4014.50		0	0	134	28
2026.07.01	01:03:25.048	1782867805048	4014.19	4014.47		0	0	134	28
2026.07.01	01:03:25.172	1782867805172	4014.20	4014.48		0	0	134	28
2026.07.01	01:03:25.790	1782867805790	4014.19	4014.46		0	0	134	27
2026.07.01	01:03:26.655	1782867806655	4014.15	4014.43		0	0	134	28
2026.07.01	01:03:27.274	1782867807274	4014.16	4014.44		0	0	134	28
2026.07.01	01:03:27.521	1782867807521	4014.17	4014.45		0	0	134	28
2026.07.01	01:03:28.758	1782867808758	4014.19	4014.47		0	0	134	28
2026.07.01	01:03:30.241	1782867810241	4014.24	4014.52		0	0	134	28
2026.07.01	01:03:31.106	1782867811106	4014.25	4014.53		0	0	134	28
2026.07.01	01:03:31.849	1782867811849	4014.18	4014.46		0	0	134	28
2026.07.01	01:03:32.343	1782867812343	4014.19	4014.47		0	0	134	28
2026.07.01	01:03:32.715	1782867812715	4014.23	4014.51		0	0	134	28
2026.07.01	01:03:34.693	1782867814693	4014.22	4014.50		0	0	134	28
2026.07.01	01:03:34.816	1782867814816	4014.25	4014.53		0	0	134	28
2026.07.01	01:03:34.939	1782867814939	4014.26	4014.54		0	0	134	28
2026.07.01	01:03:35.310	1782867815310	4014.10	4014.37		0	0	134	27
2026.07.01	01:03:35.435	1782867815435	4014.05	4014.33		0	0	134	28
2026.07.01	01:03:35.558	1782867815558	4014.07	4014.35		0	0	134	28
2026.07.01	01:03:35.682	1782867815682	4014.09	4014.37		0	0	134	28
2026.07.01	01:03:35.805	1782867815805	4014.13	4014.41		0	0	134	28
2026.07.01	01:03:36.177	1782867816177	4014.14	4014.42		0	0	134	28
2026.07.01	01:03:36.300	1782867816300	4014.15	4014.43		0	0	134	28
2026.07.01	01:03:36.794	1782867816794	4014.14	4014.42		0	0	134	28
2026.07.01	01:03:37.289	1782867817289	4014.16	4014.44		0	0	134	28
2026.07.01	01:03:37.907	1782867817907	4014.17	4014.45		0	0	134	28
2026.07.01	01:03:38.279	1782867818279	4014.15	4014.43		0	0	134	28
2026.07.01	01:03:38.896	1782867818896	4014.14	4014.42		0	0	134	28
2026.07.01	01:03:40.257	1782867820257	4014.15	4014.43		0	0	134	28
2026.07.01	01:03:40.875	1782867820875	4014.29	4014.57		0	0	134	28
2026.07.01	01:03:41.616	1782867821616	4014.27	4014.55		0	0	134	28
2026.07.01	01:03:41.988	1782867821988	4014.31	4014.60		0	0	134	29
2026.07.01	01:03:42.235	1782867822235	4014.36	4014.64		0	0	134	28
2026.07.01	01:03:43.471	1782867823471	4014.43	4014.76		0	0	134	33
2026.07.01	01:03:43.966	1782867823966	4014.54	4014.82		0	0	134	28
2026.07.01	01:03:44.090	1782867824090	4014.57	4014.85		0	0	134	28
2026.07.01	01:03:45.325	1782867825325	4014.63	4015.19		0	0	134	56
2026.07.01	01:03:45.572	1782867825572	4014.63	4014.96		0	0	4	33
2026.07.01	01:03:46.233	1782867826233	4014.55	4014.86		0	0	134	31
2026.07.01	01:03:46.242	1782867826242	4014.58	4014.89		0	0	134	31
2026.07.01	01:03:46.315	1782867826315	4014.63	4014.88		0	0	134	25
2026.07.01	01:03:46.804	1782867826804	4014.64	4014.99		0	0	134	35
2026.07.01	01:03:46.814	1782867826814	4014.67	4015.02		0	0	134	35
2026.07.01	01:03:46.863	1782867826863	4014.68	4015.03		0	0	134	35
2026.07.01	01:03:46.934	1782867826934	4014.85	4015.13		0	0	134	28
2026.07.01	01:03:47.427	1782867827427	4014.50	4014.96		0	0	134	46
2026.07.01	01:03:47.551	1782867827551	4014.44	4014.94		0	0	134	50
2026.07.01	01:03:47.675	1782867827675	4014.38	4014.89		0	0	134	51
2026.07.01	01:03:47.799	1782867827799	4014.42	4014.93		0	0	134	51
2026.07.01	01:03:47.922	1782867827922	4014.47	4014.91		0	0	134	44
2026.07.01	01:03:48.665	1782867828665	4014.46	4014.87		0	0	134	41
2026.07.01	01:03:50.519	1782867830519	4014.46	4014.89		0	0	4	43
2026.07.01	01:03:51.756	1782867831756	4014.26	4014.54		0	0	134	28
2026.07.01	01:03:53.486	1782867833486	4014.17	4014.45		0	0	134	28
2026.07.01	01:03:54.227	1782867834227	4014.14	4014.42		0	0	134	28
2026.07.01	01:03:54.722	1782867834722	4014.20	4014.48		0	0	134	28
2026.07.01	01:03:54.970	1782867834970	4014.21	4014.49		0	0	134	28
2026.07.01	01:03:55.094	1782867835094	4014.22	4014.50		0	0	134	28
2026.07.01	01:03:55.218	1782867835218	4014.24	4014.52		0	0	134	28
2026.07.01	01:03:55.340	1782867835340	4014.28	4014.56		0	0	134	28
2026.07.01	01:03:55.464	1782867835464	4014.19	4014.47		0	0	134	28
2026.07.01	01:03:55.589	1782867835589	4014.20	4014.48		0	0	134	28
2026.07.01	01:03:55.712	1782867835712	4014.22	4014.50		0	0	134	28
2026.07.01	01:03:55.836	1782867835836	4014.19	4014.47		0	0	134	28
2026.07.01	01:03:55.959	1782867835959	4014.23	4014.51		0	0	134	28
2026.07.01	01:03:56.453	1782867836453	4014.24	4014.52		0	0	134	28
2026.07.01	01:03:56.701	1782867836701	4014.22	4014.50		0	0	134	28
2026.07.01	01:03:57.072	1782867837072	4014.20	4014.48		0	0	134	28
2026.07.01	01:03:57.566	1782867837566	4014.23	4014.51		0	0	134	28
2026.07.01	01:03:57.813	1782867837813	4014.29	4014.57		0	0	134	28
2026.07.01	01:03:57.938	1782867837938	4014.21	4014.49		0	0	134	28
2026.07.01	01:03:58.185	1782867838185	4014.22	4014.50		0	0	134	28
2026.07.01	01:03:58.432	1782867838432	4014.27	4014.55		0	0	134	28
2026.07.01	01:03:58.927	1782867838927	4014.23	4014.51		0	0	134	28
2026.07.01	01:03:59.916	1782867839916	4014.21	4014.49		0	0	134	28
2026.07.01	01:04:00.410	1782867840410	4014.30	4014.58		0	0	134	28
2026.07.01	01:04:00.658	1782867840658	4014.23	4014.51		0	0	134	28
2026.07.01	01:04:00.781	1782867840781	4014.20	4014.48		0	0	134	28
2026.07.01	01:04:00.905	1782867840905	4014.22	4014.50		0	0	134	28
2026.07.01	01:04:01.152	1782867841152	4014.23	4014.51		0	0	134	28
2026.07.01	01:04:01.277	1782867841277	4014.26	4014.54		0	0	134	28
2026.07.01	01:04:01.647	1782867841647	4014.25	4014.53		0	0	134	28
2026.07.01	01:04:01.771	1782867841771	4014.26	4014.54		0	0	134	28
2026.07.01	01:04:01.894	1782867841894	4014.27	4014.55		0	0	134	28
2026.07.01	01:04:02.017	1782867842017	4014.28	4014.56		0	0	134	28
2026.07.01	01:04:02.142	1782867842142	4014.31	4014.59		0	0	134	28
2026.07.01	01:04:02.266	1782867842266	4014.27	4014.55		0	0	134	28
2026.07.01	01:04:02.389	1782867842389	4014.28	4014.55		0	0	130	27
2026.07.01	01:04:02.636	1782867842636	4014.29	4014.57		0	0	134	28
2026.07.01	01:04:03.378	1782867843378	4014.36	4014.64		0	0	134	28
2026.07.01	01:04:03.625	1782867843625	4014.37	4014.65		0	0	134	28
2026.07.01	01:04:03.872	1782867843872	4014.33	4014.60		0	0	134	27
2026.07.01	01:04:03.996	1782867843996	4014.23	4014.50		0	0	134	27
2026.07.01	01:04:04.120	1782867844120	4014.27	4014.53		0	0	134	26
2026.07.01	01:04:04.243	1782867844243	4014.31	4014.59		0	0	134	28
2026.07.01	01:04:04.366	1782867844366	4014.40	4014.68		0	0	134	28
2026.07.01	01:04:04.738	1782867844738	4014.42	4014.70		0	0	134	28
2026.07.01	01:04:04.985	1782867844985	4014.43	4014.71		0	0	134	28
2026.07.01	01:04:05.974	1782867845974	4014.44	4014.72		0	0	134	28
2026.07.01	01:04:06.098	1782867846098	4014.33	4014.60		0	0	134	27
2026.07.01	01:04:06.222	1782867846222	4014.33	4014.58		0	0	4	25
2026.07.01	01:04:06.345	1782867846345	4014.34	4014.62		0	0	134	28
2026.07.01	01:04:06.469	1782867846469	4014.37	4014.65		0	0	134	28
2026.07.01	01:04:06.593	1782867846593	4014.41	4014.67		0	0	134	26
2026.07.01	01:04:06.716	1782867846716	4014.41	4014.69		0	0	4	28
2026.07.01	01:04:06.963	1782867846963	4014.42	4014.70		0	0	134	28
2026.07.01	01:04:07.086	1782867847086	4014.43	4014.71		0	0	134	28
2026.07.01	01:04:07.211	1782867847211	4014.44	4014.72		0	0	134	28
2026.07.01	01:04:08.200	1782867848200	4014.45	4014.73		0	0	134	28
2026.07.01	01:04:09.560	1782867849560	4014.62	4014.90		0	0	134	28
2026.07.01	01:04:09.683	1782867849683	4014.61	4014.89		0	0	134	28
2026.07.01	01:04:09.807	1782867849807	4014.63	4014.89		0	0	130	26
2026.07.01	01:04:10.054	1782867850054	4014.58	4014.86		0	0	134	28
2026.07.01	01:04:10.302	1782867850302	4014.43	4014.71		0	0	134	28
2026.07.01	01:04:11.167	1782867851167	4014.47	4014.75		0	0	134	28
2026.07.01	01:04:11.291	1782867851291	4014.49	4014.77		0	0	134	28
2026.07.01	01:04:12.527	1782867852527	4014.52	4014.80		0	0	134	28
2026.07.01	01:04:13.021	1782867853021	4014.50	4014.78		0	0	134	28
2026.07.01	01:04:13.269	1782867853269	4014.51	4014.79		0	0	134	28
2026.07.01	01:04:14.135	1782867854135	4014.44	4014.72		0	0	134	28
2026.07.01	01:04:14.258	1782867854258	4014.39	4014.67		0	0	134	28
2026.07.01	01:04:14.382	1782867854382	4014.43	4014.71		0	0	134	28
2026.07.01	01:04:14.506	1782867854506	4014.42	4014.70		0	0	134	28
2026.07.01	01:04:14.629	1782867854629	4014.47	4014.75		0	0	134	28
2026.07.01	01:04:14.999	1782867854999	4014.48	4014.76		0	0	134	28
2026.07.01	01:04:15.123	1782867855123	4014.49	4014.77		0	0	134	28
2026.07.01	01:04:15.990	1782867855990	4014.44	4014.72		0	0	134	28
2026.07.01	01:04:16.114	1782867856114	4014.45	4014.73		0	0	134	28
2026.07.01	01:04:16.361	1782867856361	4014.53	4014.81		0	0	134	28
2026.07.01	01:04:18.090	1782867858090	4014.51	4014.79		0	0	134	28
2026.07.01	01:04:18.338	1782867858338	4014.49	4014.77		0	0	134	28
2026.07.01	01:04:18.709	1782867858709	4014.52	4014.80		0	0	134	28
2026.07.01	01:04:18.832	1782867858832	4014.41	4014.69		0	0	134	28
2026.07.01	01:04:18.956	1782867858956	4014.39	4014.67		0	0	134	28
2026.07.01	01:04:19.079	1782867859079	4014.47	4014.74		0	0	134	27
2026.07.01	01:04:19.327	1782867859327	4014.51	4014.79		0	0	134	28
2026.07.01	01:04:19.575	1782867859575	4014.49	4014.77		0	0	134	28
2026.07.01	01:04:19.698	1782867859698	4014.40	4014.68		0	0	134	28
2026.07.01	01:04:19.821	1782867859821	4014.42	4014.69		0	0	134	27
2026.07.01	01:04:19.945	1782867859945	4014.45	4014.73		0	0	134	28
2026.07.01	01:04:20.069	1782867860069	4014.46	4014.74		0	0	134	28
2026.07.01	01:04:20.192	1782867860192	4014.37	4014.65		0	0	134	28
2026.07.01	01:04:20.440	1782867860440	4014.39	4014.65		0	0	130	26
2026.07.01	01:04:20.687	1782867860687	4014.39	4014.67		0	0	4	28
2026.07.01	01:04:21.676	1782867861676	4014.35	4014.63		0	0	134	28
2026.07.01	01:04:21.800	1782867861800	4014.32	4014.60		0	0	134	28
2026.07.01	01:04:22.294	1782867862294	4014.21	4014.49		0	0	134	28
2026.07.01	01:04:22.419	1782867862419	4014.18	4014.46		0	0	134	28
2026.07.01	01:04:22.542	1782867862542	4014.23	4014.51		0	0	134	28
2026.07.01	01:04:22.789	1782867862789	4014.27	4014.55		0	0	134	28
2026.07.01	01:04:23.160	1782867863160	4014.28	4014.56		0	0	134	28
2026.07.01	01:04:24.273	1782867864273	4014.30	4014.56		0	0	130	26
2026.07.01	01:04:24.397	1782867864397	4014.19	4014.47		0	0	134	28
2026.07.01	01:04:24.520	1782867864520	4014.17	4014.45		0	0	134	28
2026.07.01	01:04:24.644	1782867864644	4014.22	4014.50		0	0	134	28
2026.07.01	01:04:24.891	1782867864891	4014.27	4014.55		0	0	134	28
2026.07.01	01:04:25.262	1782867865262	4014.28	4014.56		0	0	134	28
2026.07.01	01:04:25.385	1782867865385	4014.18	4014.46		0	0	134	28
2026.07.01	01:04:25.510	1782867865510	4014.30	4014.59		0	0	134	29
2026.07.01	01:04:25.633	1782867865633	4014.24	4014.50		0	0	134	26
2026.07.01	01:04:26.374	1782867866374	4014.24	4014.52		0	0	4	28
2026.07.01	01:04:26.746	1782867866746	4014.26	4014.54		0	0	134	28
2026.07.01	01:04:27.363	1782867867363	4014.25	4014.53		0	0	134	28
2026.07.01	01:04:27.612	1782867867612	4014.16	4014.43		0	0	134	27
2026.07.01	01:04:27.734	1782867867734	4014.08	4014.36		0	0	134	28
2026.07.01	01:04:27.858	1782867867858	4014.13	4014.41		0	0	134	28
2026.07.01	01:04:28.106	1782867868106	4014.18	4014.45		0	0	134	27
2026.07.01	01:04:28.476	1782867868476	4014.20	4014.46		0	0	134	26
2026.07.01	01:04:28.600	1782867868600	4014.20	4014.48		0	0	4	28
2026.07.01	01:04:29.589	1782867869589	4014.21	4014.48		0	0	130	27
2026.07.01	01:04:30.578	1782867870578	4014.29	4014.57		0	0	134	28
2026.07.01	01:04:30.702	1782867870702	4014.37	4014.65		0	0	134	28
2026.07.01	01:04:30.825	1782867870825	4014.39	4014.67		0	0	134	28
2026.07.01	01:04:30.949	1782867870949	4014.45	4014.73		0	0	134	28
2026.07.01	01:04:31.197	1782867871197	4014.48	4014.76		0	0	134	28
2026.07.01	01:04:31.444	1782867871444	4014.45	4014.73		0	0	134	28
2026.07.01	01:04:32.557	1782867872557	4014.50	4014.75		0	0	134	25
2026.07.01	01:04:33.917	1782867873917	4014.46	4014.72		0	0	134	26
2026.07.01	01:04:34.042	1782867874042	4014.45	4014.73		0	0	134	28
2026.07.01	01:04:34.659	1782867874659	4014.44	4014.72		0	0	134	28
2026.07.01	01:04:37.008	1782867877008	4014.43	4014.71		0	0	134	28
2026.07.01	01:04:37.379	1782867877379	4014.44	4014.72		0	0	134	28
2026.07.01	01:04:37.749	1782867877749	4014.43	4014.71		0	0	134	28
2026.07.01	01:04:42.450	1782867882450	4014.42	4014.70		0	0	134	28
2026.07.01	01:04:43.066	1782867883066	4014.40	4014.68		0	0	134	28
2026.07.01	01:04:43.190	1782867883190	4014.22	4014.50		0	0	134	28
2026.07.01	01:04:43.315	1782867883315	4014.11	4014.44		0	0	134	33
2026.07.01	01:04:43.437	1782867883437	4013.88	4014.31		0	0	134	43
2026.07.01	01:04:45.024	1782867885024	4013.74	4014.16		0	0	134	42
2026.07.01	01:04:45.046	1782867885046	4013.86	4014.28		0	0	134	42
2026.07.01	01:04:45.867	1782867885867	4014.07	4014.56		0	0	134	49
2026.07.01	01:04:45.888	1782867885888	4014.11	4014.60		0	0	134	49
2026.07.01	01:04:45.917	1782867885917	4014.18	4014.63		0	0	134	45
2026.07.01	01:04:45.936	1782867885936	4014.20	4014.65		0	0	134	45
2026.07.01	01:04:46.071	1782867886071	4014.22	4014.68		0	0	134	46
2026.07.01	01:04:46.111	1782867886111	4014.23	4014.69		0	0	134	46
2026.07.01	01:04:46.158	1782867886158	4013.99	4014.38		0	0	134	39
2026.07.01	01:04:47.714	1782867887714	4013.70	4014.13		0	0	134	43
2026.07.01	01:04:47.725	1782867887725	4013.50	4013.90		0	0	134	40
2026.07.01	01:04:47.777	1782867887777	4013.52	4013.94		0	0	134	42
2026.07.01	01:04:47.797	1782867887797	4013.50	4013.92		0	0	134	42
2026.07.01	01:04:47.826	1782867887826	4013.59	4013.96		0	0	134	37
2026.07.01	01:04:47.966	1782867887966	4013.52	4013.92		0	0	134	40
2026.07.01	01:04:47.976	1782867887976	4013.50	4013.87		0	0	134	37
2026.07.01	01:04:48.016	1782867888016	4013.59	4014.09		0	0	134	50
2026.07.01	01:04:48.036	1782867888036	4013.62	4014.13		0	0	134	51
2026.07.01	01:04:48.137	1782867888137	4013.85	4014.18		0	0	134	33
2026.07.01	01:04:49.125	1782867889125	4013.72	4014.00		0	0	134	28
2026.07.01	01:04:50.857	1782867890857	4013.77	4014.06		0	0	134	29
2026.07.01	01:04:51.103	1782867891103	4013.94	4014.22		0	0	134	28
2026.07.01	01:04:52.588	1782867892588	4013.91	4014.19		0	0	134	28
2026.07.01	01:04:53.205	1782867893205	4014.02	4014.35		0	0	134	33
2026.07.01	01:04:54.195	1782867894195	4014.08	4014.36		0	0	134	28
2026.07.01	01:04:57.161	1782867897161	4014.09	4014.37		0	0	134	28
2026.07.01	01:04:57.409	1782867897409	4014.03	4014.31		0	0	134	28
2026.07.01	01:04:57.533	1782867897533	4014.06	4014.34		0	0	134	28
2026.07.01	01:04:58.399	1782867898399	4014.03	4014.31		0	0	134	28
2026.07.01	01:05:00.132	1782867900132	4014.03	4014.31		0	0	130	28
2026.07.01	01:05:00.505	1782867900505	4014.02	4014.30		0	0	134	28
2026.07.01	01:05:00.748	1782867900748	4014.05	4014.33		0	0	134	28
2026.07.01	01:05:01.246	1782867901246	4013.98	4014.26		0	0	134	28
2026.07.01	01:05:01.490	1782867901490	4014.09	4014.37		0	0	134	28
2026.07.01	01:05:02.232	1782867902232	4014.16	4014.44		0	0	134	28
2026.07.01	01:05:02.602	1782867902602	4014.09	4014.37		0	0	134	28
2026.07.01	01:05:02.727	1782867902727	4013.89	4014.17		0	0	134	28
2026.07.01	01:05:02.851	1782867902851	4013.92	4014.20		0	0	134	28
2026.07.01	01:05:03.097	1782867903097	4013.91	4014.19		0	0	134	28
2026.07.01	01:05:03.839	1782867903839	4014.02	4014.30		0	0	134	28
2026.07.01	01:05:04.334	1782867904334	4013.97	4014.24		0	0	134	27
2026.07.01	01:05:04.704	1782867904704	4013.96	4014.24		0	0	130	28
2026.07.01	01:05:05.200	1782867905200	4014.15	4014.44		0	0	134	29
2026.07.01	01:05:05.323	1782867905323	4014.15	4014.43		0	0	4	28
2026.07.01	01:05:05.449	1782867905449	4014.21	4014.47		0	0	134	26
2026.07.01	01:05:05.694	1782867905694	4014.22	4014.50		0	0	134	28
2026.07.01	01:05:07.176	1782867907176	4014.24	4014.52		0	0	134	28
2026.07.01	01:05:08.785	1782867908785	4014.33	4014.61		0	0	134	28
2026.07.01	01:05:08.909	1782867908909	4014.37	4014.65		0	0	134	28
2026.07.01	01:05:09.403	1782867909403	4014.34	4014.62		0	0	134	28
2026.07.01	01:05:09.526	1782867909526	4014.59	4014.87		0	0	134	28
2026.07.01	01:05:09.650	1782867909650	4014.65	4014.93		0	0	134	28
2026.07.01	01:05:09.773	1782867909773	4014.80	4015.08		0	0	134	28
2026.07.01	01:05:09.897	1782867909897	4014.95	4015.23		0	0	134	28
2026.07.01	01:05:10.145	1782867910145	4015.01	4015.29		0	0	134	28
2026.07.01	01:05:10.515	1782867910515	4014.96	4015.24		0	0	134	28
2026.07.01	01:05:11.381	1782867911381	4014.92	4015.20		0	0	134	28
2026.07.01	01:05:12.124	1782867912124	4014.96	4015.24		0	0	134	28
2026.07.01	01:05:12.495	1782867912495	4015.06	4015.34		0	0	134	28
2026.07.01	01:05:12.866	1782867912866	4015.05	4015.33		0	0	134	28
2026.07.01	01:05:13.607	1782867913607	4015.12	4015.40		0	0	134	28
2026.07.01	01:05:13.854	1782867913854	4015.30	4015.59		0	0	134	29
2026.07.01	01:05:13.978	1782867913978	4015.51	4015.79		0	0	134	28
2026.07.01	01:05:14.101	1782867914101	4015.53	4015.81		0	0	134	28
2026.07.01	01:05:14.472	1782867914472	4015.72	4016.14		0	0	134	42
2026.07.01	01:05:14.595	1782867914595	4015.93	4016.21		0	0	134	28
2026.07.01	01:05:14.967	1782867914967	4015.87	4016.15		0	0	134	28
2026.07.01	01:05:15.215	1782867915215	4015.90	4016.18		0	0	134	28
2026.07.01	01:05:15.338	1782867915338	4015.91	4016.19		0	0	134	28
2026.07.01	01:05:15.462	1782867915462	4015.96	4016.24		0	0	134	28
2026.07.01	01:05:15.832	1782867915832	4015.97	4016.25		0	0	134	28
2026.07.01	01:05:15.957	1782867915957	4015.91	4016.19		0	0	134	28
2026.07.01	01:05:16.203	1782867916203	4015.93	4016.21		0	0	134	28
2026.07.01	01:05:16.327	1782867916327	4015.94	4016.22		0	0	134	28
2026.07.01	01:05:16.451	1782867916451	4015.99	4016.27		0	0	134	28
2026.07.01	01:05:16.574	1782867916574	4016.02	4016.30		0	0	134	28
2026.07.01	01:05:16.821	1782867916821	4016.03	4016.31		0	0	134	28
2026.07.01	01:05:16.945	1782867916945	4015.98	4016.26		0	0	134	28
2026.07.01	01:05:17.069	1782867917069	4015.91	4016.19		0	0	134	28
2026.07.01	01:05:17.192	1782867917192	4016.03	4016.31		0	0	134	28
2026.07.01	01:05:17.315	1782867917315	4016.05	4016.31		0	0	130	26
2026.07.01	01:05:17.439	1782867917439	4016.06	4016.34		0	0	134	28
2026.07.01	01:05:17.810	1782867917810	4016.07	4016.35		0	0	134	28
2026.07.01	01:05:17.934	1782867917934	4016.08	4016.36		0	0	134	28
2026.07.01	01:05:18.057	1782867918057	4016.09	4016.37		0	0	134	28
2026.07.01	01:05:18.552	1782867918552	4016.08	4016.36		0	0	134	28
2026.07.01	01:05:19.047	1782867919047	4016.09	4016.37		0	0	134	28
2026.07.01	01:05:19.417	1782867919417	4015.98	4016.26		0	0	134	28
2026.07.01	01:05:19.541	1782867919541	4015.78	4016.06		0	0	134	28
2026.07.01	01:05:19.664	1782867919664	4015.82	4016.08		0	0	134	26
2026.07.01	01:05:19.788	1782867919788	4015.80	4016.08		0	0	130	28
2026.07.01	01:05:19.912	1782867919912	4015.81	4016.09		0	0	134	28
2026.07.01	01:05:20.036	1782867920036	4015.88	4016.16		0	0	134	28
2026.07.01	01:05:20.160	1782867920160	4015.90	4016.18		0	0	134	28
2026.07.01	01:05:20.406	1782867920406	4015.88	4016.16		0	0	134	28
2026.07.01	01:05:20.532	1782867920532	4015.87	4016.15		0	0	134	28
2026.07.01	01:05:20.654	1782867920654	4015.78	4016.06		0	0	134	28
2026.07.01	01:05:20.777	1782867920777	4015.81	4016.09		0	0	134	28
2026.07.01	01:05:20.901	1782867920901	4015.82	4016.10		0	0	134	28
2026.07.01	01:05:21.025	1782867921025	4015.88	4016.16		0	0	134	28
2026.07.01	01:05:21.148	1782867921148	4015.89	4016.17		0	0	134	28
2026.07.01	01:05:21.397	1782867921397	4015.90	4016.18		0	0	134	28
2026.07.01	01:05:21.520	1782867921520	4015.91	4016.19		0	0	134	28
2026.07.01	01:05:21.643	1782867921643	4015.92	4016.20		0	0	134	28
2026.07.01	01:05:21.767	1782867921767	4016.05	4016.33		0	0	134	28
2026.07.01	01:05:22.016	1782867922016	4016.06	4016.34		0	0	134	28
2026.07.01	01:05:22.633	1782867922633	4016.07	4016.35		0	0	134	28
2026.07.01	01:05:22.756	1782867922756	4015.81	4016.09		0	0	134	28
2026.07.01	01:05:22.881	1782867922881	4015.59	4015.87		0	0	134	28
2026.07.01	01:05:23.497	1782867923497	4015.63	4015.91		0	0	134	28
2026.07.01	01:05:23.746	1782867923746	4015.59	4015.87		0	0	134	28
2026.07.01	01:05:23.869	1782867923869	4015.62	4015.90		0	0	134	28
2026.07.01	01:05:23.993	1782867923993	4015.58	4015.86		0	0	134	28
2026.07.01	01:05:25.476	1782867925476	4015.57	4015.85		0	0	134	28
2026.07.01	01:05:25.724	1782867925724	4015.64	4015.92		0	0	134	28
2026.07.01	01:05:26.589	1782867926589	4015.57	4015.85		0	0	134	28
2026.07.01	01:05:26.836	1782867926836	4015.61	4015.89		0	0	134	28
2026.07.01	01:05:27.827	1782867927827	4015.64	4015.92		0	0	134	28
2026.07.01	01:05:28.569	1782867928569	4015.63	4015.91		0	0	134	28
2026.07.01	01:05:29.186	1782867929186	4015.62	4015.90		0	0	134	28
2026.07.01	01:05:29.433	1782867929433	4015.42	4015.70		0	0	134	28
2026.07.01	01:05:29.557	1782867929557	4015.40	4015.68		0	0	134	28
2026.07.01	01:05:29.681	1782867929681	4015.36	4015.64		0	0	134	28
2026.07.01	01:05:29.928	1782867929928	4015.39	4015.67		0	0	134	28
2026.07.01	01:05:30.052	1782867930052	4015.40	4015.68		0	0	134	28
2026.07.01	01:05:30.423	1782867930423	4015.41	4015.69		0	0	134	28
2026.07.01	01:05:30.793	1782867930793	4015.51	4015.79		0	0	134	28
2026.07.01	01:05:32.029	1782867932029	4015.55	4015.83		0	0	134	28
2026.07.01	01:05:32.277	1782867932277	4015.58	4015.83		0	0	130	25
2026.07.01	01:05:32.653	1782867932653	4015.67	4015.95		0	0	134	28
2026.07.01	01:05:33.142	1782867933142	4015.61	4015.89		0	0	134	28
2026.07.01	01:05:33.266	1782867933266	4015.45	4015.73		0	0	134	28
2026.07.01	01:05:33.390	1782867933390	4015.46	4015.74		0	0	134	28
2026.07.01	01:05:33.884	1782867933884	4015.39	4015.67		0	0	134	28
2026.07.01	01:05:34.007	1782867934007	4015.40	4015.68		0	0	134	28
2026.07.01	01:05:34.255	1782867934255	4015.39	4015.67		0	0	134	28
2026.07.01	01:05:35.120	1782867935120	4015.43	4015.71		0	0	134	28
2026.07.01	01:05:35.368	1782867935368	4015.38	4015.66		0	0	134	28
2026.07.01	01:05:35.739	1782867935739	4015.11	4015.39		0	0	134	28
2026.07.01	01:05:35.863	1782867935863	4015.02	4015.30		0	0	134	28
2026.07.01	01:05:36.110	1782867936110	4015.03	4015.31		0	0	134	28
2026.07.01	01:05:36.233	1782867936233	4014.93	4015.21		0	0	134	28
2026.07.01	01:05:36.357	1782867936357	4014.98	4015.26		0	0	134	28
2026.07.01	01:05:36.482	1782867936482	4015.01	4015.29		0	0	134	28
2026.07.01	01:05:36.604	1782867936604	4015.02	4015.30		0	0	134	28
2026.07.01	01:05:36.728	1782867936728	4015.04	4015.32		0	0	134	28
2026.07.01	01:05:36.975	1782867936975	4015.02	4015.30		0	0	134	28
2026.07.01	01:05:37.098	1782867937098	4014.75	4015.03		0	0	134	28
2026.07.01	01:05:37.222	1782867937222	4014.67	4014.95		0	0	134	28
2026.07.01	01:05:37.469	1782867937469	4014.94	4015.22		0	0	134	28
2026.07.01	01:05:37.593	1782867937593	4015.06	4015.34		0	0	134	28
2026.07.01	01:05:37.841	1782867937841	4015.01	4015.28		0	0	134	27
2026.07.01	01:05:37.964	1782867937964	4015.02	4015.30		0	0	134	28
2026.07.01	01:05:38.088	1782867938088	4015.03	4015.31		0	0	134	28
2026.07.01	01:05:38.211	1782867938211	4015.05	4015.33		0	0	134	28
2026.07.01	01:05:38.335	1782867938335	4015.06	4015.34		0	0	134	28
2026.07.01	01:05:38.460	1782867938460	4015.17	4015.45		0	0	134	28
2026.07.01	01:05:38.583	1782867938583	4015.18	4015.46		0	0	134	28
2026.07.01	01:05:38.707	1782867938707	4015.19	4015.47		0	0	134	28
2026.07.01	01:05:39.202	1782867939202	4015.15	4015.43		0	0	134	28
2026.07.01	01:05:39.325	1782867939325	4015.12	4015.40		0	0	134	28
2026.07.01	01:05:39.449	1782867939449	4015.39	4015.68		0	0	134	29
2026.07.01	01:05:39.571	1782867939571	4015.45	4015.73		0	0	134	28
2026.07.01	01:05:39.820	1782867939820	4015.71	4015.99		0	0	134	28
2026.07.01	01:05:40.066	1782867940066	4015.72	4016.00		0	0	134	28
2026.07.01	01:05:40.314	1782867940314	4015.76	4016.04		0	0	134	28
2026.07.01	01:05:40.562	1782867940562	4015.72	4016.00		0	0	134	28
2026.07.01	01:05:41.056	1782867941056	4015.75	4016.03		0	0	134	28
2026.07.01	01:05:41.179	1782867941179	4015.71	4015.99		0	0	134	28
2026.07.01	01:05:41.549	1782867941549	4015.66	4015.93		0	0	134	27
2026.07.01	01:05:41.674	1782867941674	4015.66	4015.94		0	0	4	28
2026.07.01	01:05:42.416	1782867942416	4015.67	4015.95		0	0	134	28
2026.07.01	01:05:42.539	1782867942539	4015.77	4016.05		0	0	134	28
2026.07.01	01:05:42.663	1782867942663	4015.70	4015.97		0	0	134	27
2026.07.01	01:05:43.405	1782867943405	4015.58	4015.86		0	0	134	28
2026.07.01	01:05:43.775	1782867943775	4015.60	4015.86		0	0	130	26
2026.07.01	01:05:44.394	1782867944394	4015.49	4015.77		0	0	134	28
2026.07.01	01:05:44.765	1782867944765	4015.46	4015.74		0	0	134	28
2026.07.01	01:05:44.889	1782867944889	4015.35	4015.63		0	0	134	28
2026.07.01	01:05:45.012	1782867945012	4015.38	4015.66		0	0	134	28
2026.07.01	01:05:45.135	1782867945135	4015.39	4015.67		0	0	134	28
2026.07.01	01:05:45.259	1782867945259	4015.41	4015.69		0	0	134	28
2026.07.01	01:05:45.382	1782867945382	4015.44	4015.72		0	0	134	28
2026.07.01	01:05:45.506	1782867945506	4015.26	4015.54		0	0	134	28
2026.07.01	01:05:45.630	1782867945630	4015.27	4015.55		0	0	134	28
2026.07.01	01:05:45.754	1782867945754	4015.28	4015.56		0	0	134	28
2026.07.01	01:05:46.001	1782867946001	4015.26	4015.54		0	0	134	28
2026.07.01	01:05:46.248	1782867946248	4015.27	4015.55		0	0	134	28
2026.07.01	01:05:46.496	1782867946496	4015.33	4015.61		0	0	134	28
2026.07.01	01:05:46.620	1782867946620	4015.37	4015.65		0	0	134	28
2026.07.01	01:05:46.743	1782867946743	4015.43	4015.71		0	0	134	28
2026.07.01	01:05:46.868	1782867946868	4015.64	4015.92		0	0	134	28
2026.07.01	01:05:47.979	1782867947979	4015.66	4015.96		0	0	134	30
2026.07.01	01:05:48.599	1782867948599	4015.69	4015.97		0	0	134	28
2026.07.01	01:05:49.587	1782867949587	4015.72	4016.00		0	0	134	28
2026.07.01	01:05:49.710	1782867949710	4015.75	4016.03		0	0	134	28
2026.07.01	01:05:49.833	1782867949833	4015.77	4016.05		0	0	134	28
2026.07.01	01:05:49.958	1782867949958	4015.76	4016.02		0	0	134	26
2026.07.01	01:05:50.454	1782867950454	4015.76	4016.04		0	0	4	28
2026.07.01	01:05:50.576	1782867950576	4015.74	4016.02		0	0	134	28
2026.07.01	01:05:50.700	1782867950700	4015.75	4016.03		0	0	134	28
2026.07.01	01:05:51.071	1782867951071	4015.74	4016.02		0	0	134	28
2026.07.01	01:05:51.195	1782867951195	4015.82	4016.08		0	0	134	26
2026.07.01	01:05:51.318	1782867951318	4015.82	4016.10		0	0	4	28
2026.07.01	01:05:51.442	1782867951442	4015.83	4016.11		0	0	134	28
2026.07.01	01:05:51.936	1782867951936	4015.81	4016.09		0	0	134	28
2026.07.01	01:05:52.307	1782867952307	4015.86	4016.14		0	0	134	28
2026.07.01	01:05:52.802	1782867952802	4015.83	4016.11		0	0	134	28
2026.07.01	01:05:53.296	1782867953296	4015.80	4016.08		0	0	134	28
2026.07.01	01:05:54.904	1782867954904	4015.85	4016.13		0	0	134	28
2026.07.01	01:05:55.522	1782867955522	4015.83	4016.09		0	0	134	26
2026.07.01	01:05:56.016	1782867956016	4015.84	4016.12		0	0	134	28
2026.07.01	01:05:56.511	1782867956511	4015.62	4015.90		0	0	134	28
2026.07.01	01:05:57.005	1782867957005	4015.61	4015.89		0	0	134	28
2026.07.01	01:05:57.994	1782867957994	4015.73	4016.01		0	0	134	28
2026.07.01	01:05:58.489	1782867958489	4015.74	4016.02		0	0	134	28
2026.07.01	01:05:59.601	1782867959601	4015.78	4016.06		0	0	134	28
2026.07.01	01:06:00.467	1782867960467	4015.82	4016.10		0	0	134	28
2026.07.01	01:06:01.704	1782867961704	4015.80	4016.08		0	0	134	28
2026.07.01	01:06:02.074	1782867962074	4015.84	4016.12		0	0	134	28
2026.07.01	01:06:02.322	1782867962322	4015.80	4016.08		0	0	134	28
2026.07.01	01:06:02.446	1782867962446	4015.83	4016.11		0	0	134	28
2026.07.01	01:06:04.300	1782867964300	4015.86	4016.14		0	0	134	28
2026.07.01	01:06:05.165	1782867965165	4015.79	4016.07		0	0	134	28
2026.07.01	01:06:05.413	1782867965413	4015.78	4016.06		0	0	134	28
2026.07.01	01:06:06.896	1782867966896	4015.75	4016.03		0	0	134	28
2026.07.01	01:06:07.020	1782867967020	4015.81	4016.09		0	0	134	28
2026.07.01	01:06:07.762	1782867967762	4015.80	4016.08		0	0	134	28
2026.07.01	01:06:08.009	1782867968009	4015.78	4016.06		0	0	134	28
2026.07.01	01:06:08.380	1782867968380	4015.81	4016.09		0	0	134	28
2026.07.01	01:06:08.504	1782867968504	4015.86	4016.14		0	0	134	28
2026.07.01	01:06:08.628	1782867968628	4015.87	4016.15		0	0	134	28
2026.07.01	01:06:08.874	1782867968874	4015.91	4016.19		0	0	134	28
2026.07.01	01:06:09.864	1782867969864	4015.88	4016.16		0	0	134	28
2026.07.01	01:06:09.987	1782867969987	4015.62	4015.90		0	0	134	28
2026.07.01	01:06:10.110	1782867970110	4015.59	4015.87		0	0	134	28
2026.07.01	01:06:11.445	1782867971445	4015.60	4015.88		0	0	134	28
2026.07.01	01:06:11.472	1782867971472	4015.58	4015.86		0	0	134	28
2026.07.01	01:06:11.718	1782867971718	4015.55	4015.83		0	0	134	28
2026.07.01	01:06:11.965	1782867971965	4015.56	4015.84		0	0	134	28
2026.07.01	01:06:12.708	1782867972708	4015.60	4015.88		0	0	134	28
2026.07.01	01:06:15.902	1782867975902	4015.61	4015.89		0	0	134	28
2026.07.01	01:06:16.047	1782867976047	4015.57	4015.85		0	0	134	28
2026.07.01	01:06:18.899	1782867978899	4015.60	4015.88		0	0	134	28
2026.07.01	01:06:19.147	1782867979147	4015.61	4015.89		0	0	134	28
2026.07.01	01:06:19.889	1782867979889	4015.63	4015.91		0	0	134	28
2026.07.01	01:06:20.879	1782867980879	4015.44	4015.72		0	0	134	28
2026.07.01	01:06:21.002	1782867981002	4015.50	4015.78		0	0	134	28
2026.07.01	01:06:22.485	1782867982485	4015.24	4015.52		0	0	134	28
2026.07.01	01:06:22.610	1782867982610	4015.25	4015.53		0	0	134	28
2026.07.01	01:06:22.734	1782867982734	4015.22	4015.50		0	0	134	28
2026.07.01	01:06:23.351	1782867983351	4015.23	4015.51		0	0	134	28
2026.07.01	01:06:24.094	1782867984094	4015.26	4015.54		0	0	134	28
2026.07.01	01:06:24.834	1782867984834	4015.27	4015.55		0	0	134	28
2026.07.01	01:06:25.206	1782867985206	4015.26	4015.54		0	0	134	28
2026.07.01	01:06:25.453	1782867985453	4015.23	4015.51		0	0	134	28
2026.07.01	01:06:25.823	1782867985823	4015.25	4015.53		0	0	134	28
2026.07.01	01:06:27.611	1782867987611	4014.98	4015.26		0	0	134	28
2026.07.01	01:06:27.628	1782867987628	4014.79	4015.07		0	0	134	28
2026.07.01	01:06:27.634	1782867987634	4014.81	4015.09		0	0	134	28
2026.07.01	01:06:27.661	1782867987661	4014.87	4015.15		0	0	134	28
2026.07.01	01:06:27.802	1782867987802	4015.06	4015.34		0	0	134	28
2026.07.01	01:06:28.049	1782867988049	4014.96	4015.23		0	0	134	27
2026.07.01	01:06:28.172	1782867988172	4015.15	4015.43		0	0	134	28
2026.07.01	01:06:29.903	1782867989903	4015.16	4015.44		0	0	134	28
2026.07.01	01:06:30.341	1782867990341	4015.31	4015.67		0	0	134	36
2026.07.01	01:06:30.341	1782867990341	4015.45	4015.73		0	0	134	28
2026.07.01	01:06:30.379	1782867990379	4015.50	4015.78		0	0	134	28
2026.07.01	01:06:30.381	1782867990381	4015.55	4015.83		0	0	134	28
2026.07.01	01:06:30.390	1782867990390	4015.54	4015.82		0	0	134	28
2026.07.01	01:06:30.398	1782867990398	4015.32	4015.60		0	0	134	28
2026.07.01	01:06:30.522	1782867990522	4015.39	4015.67		0	0	134	28
2026.07.01	01:06:30.646	1782867990646	4015.66	4015.94		0	0	134	28
2026.07.01	01:06:30.769	1782867990769	4015.60	4015.88		0	0	134	28
2026.07.01	01:06:30.893	1782867990893	4015.53	4015.81		0	0	134	28
2026.07.01	01:06:31.016	1782867991016	4015.39	4015.67		0	0	134	28
2026.07.01	01:06:31.264	1782867991264	4015.44	4015.72		0	0	134	28
2026.07.01	01:06:34.849	1782867994849	4015.45	4015.73		0	0	134	28
2026.07.01	01:06:35.469	1782867995469	4015.47	4015.75		0	0	134	28
2026.07.01	01:06:35.715	1782867995715	4015.51	4015.79		0	0	134	28
2026.07.01	01:06:36.086	1782867996086	4015.54	4015.80		0	0	134	26
2026.07.01	01:06:37.045	1782867997045	4015.59	4015.88		0	0	134	29
2026.07.01	01:06:37.048	1782867997048	4015.61	4015.94		0	0	134	33
2026.07.01	01:06:37.050	1782867997050	4015.62	4015.94		0	0	130	32
2026.07.01	01:06:37.051	1782867997051	4015.62	4015.95		0	0	4	33
2026.07.01	01:06:37.054	1782867997054	4015.63	4015.95		0	0	130	32
2026.07.01	01:06:37.058	1782867997058	4015.64	4015.97		0	0	134	33
2026.07.01	01:06:37.059	1782867997059	4015.65	4016.00		0	0	134	35
2026.07.01	01:06:37.060	1782867997060	4015.65	4016.01		0	0	4	36
2026.07.01	01:06:37.060	1782867997060	4015.72	4016.03		0	0	134	31
2026.07.01	01:06:37.075	1782867997075	4015.83	4016.14		0	0	134	31
2026.07.01	01:06:37.198	1782867997198	4015.97	4016.25		0	0	134	28
2026.07.01	01:06:40.683	1782868000683	4015.68	4015.99		0	0	134	31
2026.07.01	01:06:40.687	1782868000687	4015.32	4015.64		0	0	134	32
2026.07.01	01:06:40.687	1782868000687	4015.41	4015.73		0	0	134	32
2026.07.01	01:06:40.687	1782868000687	4015.31	4015.60		0	0	134	29
2026.07.01	01:06:40.690	1782868000690	4015.32	4015.60		0	0	130	28
2026.07.01	01:06:40.697	1782868000697	4015.29	4015.57		0	0	134	28
2026.07.01	01:06:40.703	1782868000703	4015.28	4015.56		0	0	134	28
2026.07.01	01:06:40.737	1782868000737	4015.33	4015.61		0	0	134	28
2026.07.01	01:06:40.738	1782868000738	4015.38	4015.65		0	0	134	27
2026.07.01	01:06:40.784	1782868000784	4015.37	4015.63		0	0	134	26
2026.07.01	01:06:41.896	1782868001896	4015.53	4015.81		0	0	134	28
2026.07.01	01:06:42.020	1782868002020	4015.31	4015.59		0	0	134	28
2026.07.01	01:06:42.268	1782868002268	4015.28	4015.55		0	0	134	27
2026.07.01	01:06:42.577	1782868002577	4015.02	4015.33		0	0	134	31
2026.07.01	01:06:42.626	1782868002626	4015.09	4015.37		0	0	134	28
2026.07.01	01:06:42.634	1782868002634	4015.14	4015.42		0	0	134	28
2026.07.01	01:06:42.636	1782868002636	4015.19	4015.47		0	0	134	28
2026.07.01	01:06:42.638	1782868002638	4015.10	4015.38		0	0	134	28
2026.07.01	01:06:43.256	1782868003256	4015.20	4015.48		0	0	134	28
2026.07.01	01:06:43.628	1782868003628	4015.18	4015.46		0	0	134	28
2026.07.01	01:06:44.618	1782868004618	4015.22	4015.50		0	0	134	28
2026.07.01	01:06:44.741	1782868004741	4015.26	4015.54		0	0	134	28
2026.07.01	01:06:45.730	1782868005730	4015.53	4015.81		0	0	134	28
2026.07.01	01:06:46.349	1782868006349	4015.62	4015.90		0	0	134	28
2026.07.01	01:06:47.336	1782868007336	4015.63	4015.91		0	0	134	28
2026.07.01	01:06:47.461	1782868007461	4015.65	4015.93		0	0	134	28
2026.07.01	01:06:48.202	1782868008202	4015.54	4015.81		0	0	134	27
2026.07.01	01:06:49.316	1782868009316	4015.56	4015.84		0	0	134	28
2026.07.01	01:06:49.423	1782868009423	4015.29	4015.57		0	0	134	28
2026.07.01	01:06:49.429	1782868009429	4015.12	4015.40		0	0	134	28
2026.07.01	01:06:49.429	1782868009429	4015.07	4015.35		0	0	134	28
2026.07.01	01:06:49.438	1782868009438	4015.33	4015.61		0	0	134	28
2026.07.01	01:06:49.686	1782868009686	4015.35	4015.63		0	0	134	28
2026.07.01	01:06:50.057	1782868010057	4015.29	4015.57		0	0	134	28
2026.07.01	01:06:51.046	1782868011046	4015.32	4015.60		0	0	134	28
2026.07.01	01:06:51.294	1782868011294	4015.39	4015.67		0	0	134	28
2026.07.01	01:06:53.396	1782868013396	4015.44	4015.72		0	0	134	28
2026.07.01	01:06:54.631	1782868014631	4015.40	4015.68		0	0	134	28
2026.07.01	01:06:54.755	1782868014755	4015.49	4015.77		0	0	134	28
2026.07.01	01:06:55.313	1782868015313	4015.35	4015.63		0	0	134	28
2026.07.01	01:06:55.745	1782868015745	4015.41	4015.69		0	0	134	28
2026.07.01	01:06:56.115	1782868016115	4015.39	4015.67		0	0	134	28
2026.07.01	01:06:56.734	1782868016734	4015.41	4015.69		0	0	134	28
2026.07.01	01:06:56.858	1782868016858	4015.49	4015.75		0	0	134	26
2026.07.01	01:06:56.981	1782868016981	4015.49	4015.77		0	0	4	28
2026.07.01	01:06:57.105	1782868017105	4015.37	4015.65		0	0	134	28
2026.07.01	01:06:58.093	1782868018093	4015.28	4015.56		0	0	134	28
2026.07.01	01:06:58.217	1782868018217	4015.22	4015.50		0	0	134	28
2026.07.01	01:06:58.589	1782868018589	4015.15	4015.43		0	0	134	28
2026.07.01	01:06:58.836	1782868018836	4015.16	4015.44		0	0	134	28
2026.07.01	01:06:58.960	1782868018960	4015.22	4015.50		0	0	134	28
2026.07.01	01:06:59.083	1782868019083	4015.26	4015.53		0	0	134	27
2026.07.01	01:06:59.578	1782868019578	4015.31	4015.59		0	0	134	28
2026.07.01	01:07:00.072	1782868020072	4015.45	4015.73		0	0	134	28
2026.07.01	01:07:00.568	1782868020568	4015.47	4015.73		0	0	130	26
2026.07.01	01:07:01.309	1782868021309	4015.30	4015.58		0	0	134	28
2026.07.01	01:07:01.556	1782868021556	4015.25	4015.53		0	0	134	28
2026.07.01	01:07:02.298	1782868022298	4015.29	4015.57		0	0	134	28
2026.07.01	01:07:02.545	1782868022545	4015.36	4015.64		0	0	134	28
2026.07.01	01:07:04.029	1782868024029	4015.25	4015.53		0	0	134	28
2026.07.01	01:07:05.265	1782868025265	4015.29	4015.57		0	0	134	28
2026.07.01	01:07:05.637	1782868025637	4015.27	4015.55		0	0	134	28
2026.07.01	01:07:06.131	1782868026131	4015.25	4015.53		0	0	134	28
2026.07.01	01:07:09.963	1782868029963	4015.11	4015.39		0	0	134	28
2026.07.01	01:07:10.582	1782868030582	4015.18	4015.46		0	0	134	28
2026.07.01	01:07:12.560	1782868032560	4015.17	4015.45		0	0	134	28
2026.07.01	01:07:14.291	1782868034291	4015.18	4015.46		0	0	134	28
2026.07.01	01:07:15.157	1782868035157	4015.21	4015.49		0	0	134	28
2026.07.01	01:07:15.280	1782868035280	4015.28	4015.56		0	0	134	28
2026.07.01	01:07:15.405	1782868035405	4015.29	4015.57		0	0	134	28
2026.07.01	01:07:15.651	1782868035651	4015.32	4015.60		0	0	134	28
2026.07.01	01:07:17.505	1782868037505	4015.38	4015.66		0	0	134	28
2026.07.01	01:07:19.112	1782868039112	4015.41	4015.69		0	0	134	28
2026.07.01	01:07:20.473	1782868040473	4015.25	4015.53		0	0	134	28
2026.07.01	01:07:21.092	1782868041092	4015.29	4015.57		0	0	134	28
2026.07.01	01:07:21.832	1782868041832	4015.34	4015.62		0	0	134	28
2026.07.01	01:07:23.070	1782868043070	4015.35	4015.63		0	0	134	28
2026.07.01	01:07:24.182	1782868044182	4015.45	4015.73		0	0	134	28
2026.07.01	01:07:24.305	1782868044305	4015.55	4015.83		0	0	134	28
2026.07.01	01:07:24.924	1782868044924	4015.54	4015.82		0	0	134	28
2026.07.01	01:07:25.172	1782868045172	4015.55	4015.83		0	0	134	28
2026.07.01	01:07:25.418	1782868045418	4015.58	4015.86		0	0	134	28
2026.07.01	01:07:25.666	1782868045666	4015.60	4015.88		0	0	134	28
2026.07.01	01:07:25.790	1782868045790	4015.74	4016.02		0	0	134	28
2026.07.01	01:07:26.902	1782868046902	4015.76	4016.04		0	0	134	28
2026.07.01	01:07:27.026	1782868047026	4015.82	4016.10		0	0	134	28
2026.07.01	01:07:27.150	1782868047150	4015.86	4016.14		0	0	134	28
2026.07.01	01:07:27.273	1782868047273	4015.81	4016.09		0	0	134	28
2026.07.01	01:07:27.397	1782868047397	4015.85	4016.14		0	0	134	29
2026.07.01	01:07:27.521	1782868047521	4015.87	4016.15		0	0	134	28
2026.07.01	01:07:27.892	1782868047892	4015.90	4016.18		0	0	134	28
2026.07.01	01:07:28.014	1782868048014	4016.06	4016.34		0	0	134	28
2026.07.01	01:07:28.138	1782868048138	4016.02	4016.30		0	0	134	28
2026.07.01	01:07:28.262	1782868048262	4015.98	4016.26		0	0	134	28
2026.07.01	01:07:28.385	1782868048385	4015.96	4016.24		0	0	134	28
2026.07.01	01:07:28.509	1782868048509	4016.03	4016.31		0	0	134	28
2026.07.01	01:07:28.633	1782868048633	4016.07	4016.35		0	0	134	28
2026.07.01	01:07:28.756	1782868048756	4016.09	4016.37		0	0	134	28
2026.07.01	01:07:28.880	1782868048880	4016.07	4016.35		0	0	134	28
2026.07.01	01:07:29.004	1782868049004	4016.04	4016.32		0	0	134	28
2026.07.01	01:07:29.241	1782868049241	4015.76	4016.07		0	0	134	31
2026.07.01	01:07:29.242	1782868049242	4015.61	4015.97		0	0	134	36
2026.07.01	01:07:29.244	1782868049244	4015.56	4015.95		0	0	134	39
2026.07.01	01:07:29.246	1782868049246	4015.55	4015.95		0	0	130	40
2026.07.01	01:07:29.247	1782868049247	4015.54	4015.95		0	0	130	41
2026.07.01	01:07:29.251	1782868049251	4015.76	4016.17		0	0	134	41
2026.07.01	01:07:29.375	1782868049375	4015.76	4016.04		0	0	4	28
2026.07.01	01:07:29.993	1782868049993	4015.77	4016.05		0	0	134	28
2026.07.01	01:07:30.117	1782868050117	4015.76	4016.04		0	0	134	28
2026.07.01	01:07:30.611	1782868050611	4015.52	4015.80		0	0	134	28
2026.07.01	01:07:30.736	1782868050736	4015.49	4015.77		0	0	134	28
2026.07.01	01:07:30.858	1782868050858	4015.55	4015.82		0	0	134	27
2026.07.01	01:07:30.900	1782868050900	4015.72	4016.02		0	0	134	30
2026.07.01	01:07:30.911	1782868050911	4015.67	4015.95		0	0	134	28
2026.07.01	01:07:30.915	1782868050915	4015.66	4015.94		0	0	134	28
2026.07.01	01:07:30.917	1782868050917	4015.66	4015.92		0	0	4	26
2026.07.01	01:07:30.935	1782868050935	4015.62	4015.90		0	0	134	28
2026.07.01	01:07:30.983	1782868050983	4015.75	4016.03		0	0	134	28
2026.07.01	01:07:31.106	1782868051106	4016.02	4016.30		0	0	134	28
2026.07.01	01:07:31.477	1782868051477	4016.01	4016.29		0	0	134	28
2026.07.01	01:07:31.600	1782868051600	4016.02	4016.30		0	0	134	28
2026.07.01	01:07:31.973	1782868051973	4016.01	4016.29		0	0	134	28
2026.07.01	01:07:32.095	1782868052095	4015.98	4016.26		0	0	134	28
2026.07.01	01:07:32.218	1782868052218	4015.96	4016.24		0	0	134	28
2026.07.01	01:07:33.085	1782868053085	4015.98	4016.26		0	0	134	28
2026.07.01	01:07:33.209	1782868053209	4015.95	4016.23		0	0	134	28
2026.07.01	01:07:33.332	1782868053332	4015.95	4016.21		0	0	4	26
2026.07.01	01:07:33.827	1782868053827	4015.96	4016.24		0	0	134	28
2026.07.01	01:07:33.950	1782868053950	4015.96	4016.23		0	0	4	27
2026.07.01	01:07:34.321	1782868054321	4015.94	4016.22		0	0	134	28
2026.07.01	01:07:34.444	1782868054444	4015.92	4016.20		0	0	134	28
2026.07.01	01:07:35.433	1782868055433	4015.92	4016.18		0	0	4	26
2026.07.01	01:07:35.557	1782868055557	4015.90	4016.16		0	0	134	26
2026.07.01	01:07:36.175	1782868056175	4015.86	4016.14		0	0	134	28
2026.07.01	01:07:36.299	1782868056299	4015.85	4016.13		0	0	134	28
2026.07.01	01:07:36.825	1782868056825	4016.09	4016.44		0	0	134	35
2026.07.01	01:07:36.828	1782868056828	4016.17	4016.59		0	0	134	42
2026.07.01	01:07:36.829	1782868056829	4016.18	4016.62		0	0	134	44
2026.07.01	01:07:36.830	1782868056830	4016.12	4016.60		0	0	134	48
2026.07.01	01:07:36.831	1782868056831	4016.11	4016.55		0	0	134	44
2026.07.01	01:07:36.832	1782868056832	4016.12	4016.61		0	0	134	49
2026.07.01	01:07:36.832	1782868056832	4016.11	4016.55		0	0	134	44
2026.07.01	01:07:36.848	1782868056848	4016.10	4016.53		0	0	134	43
2026.07.01	01:07:36.849	1782868056849	4016.11	4016.57		0	0	134	46
2026.07.01	01:07:36.853	1782868056853	4016.14	4016.58		0	0	134	44
2026.07.01	01:07:36.865	1782868056865	4016.15	4016.62		0	0	134	47
2026.07.01	01:07:36.880	1782868056880	4016.20	4016.63		0	0	134	43
2026.07.01	01:07:36.890	1782868056890	4016.35	4016.68		0	0	134	33
2026.07.01	01:07:36.917	1782868056917	4016.17	4016.50		0	0	134	33
2026.07.01	01:07:37.041	1782868057041	4016.17	4016.48		0	0	4	31
2026.07.01	01:07:37.165	1782868057165	4016.17	4016.47		0	0	4	30
2026.07.01	01:07:37.659	1782868057659	4016.23	4016.51		0	0	134	28
2026.07.01	01:07:37.907	1782868057907	4016.15	4016.43		0	0	134	28
2026.07.01	01:07:38.771	1782868058771	4016.14	4016.42		0	0	134	28
2026.07.01	01:07:39.020	1782868059020	4016.15	4016.43		0	0	134	28
2026.07.01	01:07:39.390	1782868059390	4016.01	4016.29		0	0	134	28
2026.07.01	01:07:39.761	1782868059761	4015.98	4016.26		0	0	134	28
2026.07.01	01:07:40.874	1782868060874	4016.15	4016.43		0	0	134	28
2026.07.01	01:07:41.524	1782868061524	4016.37	4016.75		0	0	134	38
2026.07.01	01:07:41.525	1782868061525	4016.43	4016.81		0	0	134	38
2026.07.01	01:07:41.525	1782868061525	4016.50	4016.83		0	0	134	33
2026.07.01	01:07:41.527	1782868061527	4016.55	4016.89		0	0	134	34
2026.07.01	01:07:41.527	1782868061527	4016.51	4016.85		0	0	134	34
2026.07.01	01:07:41.528	1782868061528	4016.48	4016.84		0	0	134	36
2026.07.01	01:07:41.528	1782868061528	4016.43	4016.79		0	0	134	36
2026.07.01	01:07:41.529	1782868061529	4016.42	4016.82		0	0	134	40
2026.07.01	01:07:41.530	1782868061530	4016.40	4016.81		0	0	134	41
2026.07.01	01:07:41.530	1782868061530	4016.39	4016.77		0	0	134	38
2026.07.01	01:07:41.532	1782868061532	4016.37	4016.71		0	0	134	34
2026.07.01	01:07:41.533	1782868061533	4016.43	4016.73		0	0	134	30
2026.07.01	01:07:41.536	1782868061536	4016.38	4016.72		0	0	134	34
2026.07.01	01:07:41.536	1782868061536	4016.37	4016.71		0	0	134	34
2026.07.01	01:07:41.548	1782868061548	4016.35	4016.66		0	0	134	31
2026.07.01	01:07:41.551	1782868061551	4016.40	4016.68		0	0	134	28
2026.07.01	01:07:41.565	1782868061565	4016.39	4016.67		0	0	134	28
2026.07.01	01:07:41.645	1782868061645	4016.49	4016.77		0	0	134	28
2026.07.01	01:07:41.645	1782868061645	4016.50	4016.78		0	0	134	28
2026.07.01	01:07:41.645	1782868061645	4016.47	4016.75		0	0	134	28
2026.07.01	01:07:41.739	1782868061739	4016.51	4016.79		0	0	134	28
2026.07.01	01:07:41.862	1782868061862	4016.28	4016.56		0	0	134	28
2026.07.01	01:07:41.986	1782868061986	4016.23	4016.51		0	0	134	28
2026.07.01	01:07:42.111	1782868062111	4016.08	4016.36		0	0	134	28
2026.07.01	01:07:42.356	1782868062356	4015.96	4016.24		0	0	134	28
2026.07.01	01:07:42.481	1782868062481	4015.99	4016.27		0	0	134	28
2026.07.01	01:07:42.975	1782868062975	4015.91	4016.19		0	0	134	28
2026.07.01	01:07:44.830	1782868064830	4015.93	4016.21		0	0	134	28
2026.07.01	01:07:45.077	1782868065077	4015.95	4016.23		0	0	134	28
2026.07.01	01:07:45.448	1782868065448	4015.96	4016.24		0	0	134	28
2026.07.01	01:07:46.190	1782868066190	4015.97	4016.25		0	0	134	28
2026.07.01	01:07:46.808	1782868066808	4016.06	4016.34		0	0	134	28
2026.07.01	01:07:46.932	1782868066932	4016.08	4016.36		0	0	134	28
2026.07.01	01:07:47.055	1782868067055	4016.05	4016.33		0	0	134	28
2026.07.01	01:07:47.180	1782868067180	4016.01	4016.29		0	0	134	28
2026.07.01	01:07:47.798	1782868067798	4015.99	4016.27		0	0	134	28
2026.07.01	01:07:48.663	1782868068663	4016.06	4016.33		0	0	134	27
2026.07.01	01:07:48.910	1782868068910	4015.97	4016.25		0	0	134	28
2026.07.01	01:07:49.653	1782868069653	4015.99	4016.27		0	0	134	28
2026.07.01	01:07:50.271	1782868070271	4015.98	4016.26		0	0	134	28
2026.07.01	01:07:52.373	1782868072373	4015.97	4016.23		0	0	134	26
2026.07.01	01:07:52.866	1782868072866	4015.91	4016.19		0	0	134	28
2026.07.01	01:07:53.361	1782868073361	4015.89	4016.17		0	0	134	28
2026.07.01	01:07:55.589	1782868075589	4015.83	4016.11		0	0	134	28
2026.07.01	01:07:55.711	1782868075711	4015.72	4016.00		0	0	134	28
2026.07.01	01:07:55.835	1782868075835	4015.78	4016.06		0	0	134	28
2026.07.01	01:07:55.958	1782868075958	4015.81	4016.09		0	0	134	28
2026.07.01	01:07:56.082	1782868076082	4015.85	4016.13		0	0	134	28
2026.07.01	01:07:56.205	1782868076205	4015.87	4016.15		0	0	134	28
2026.07.01	01:07:56.329	1782868076329	4015.89	4016.16		0	0	134	27
2026.07.01	01:07:56.452	1782868076452	4015.91	4016.17		0	0	134	26
2026.07.01	01:07:56.700	1782868076700	4016.00	4016.27		0	0	134	27
2026.07.01	01:07:57.937	1782868077937	4015.97	4016.25		0	0	134	28
2026.07.01	01:07:58.183	1782868078183	4015.85	4016.12		0	0	134	27
2026.07.01	01:08:00.408	1782868080408	4015.61	4015.89		0	0	134	28
2026.07.01	01:08:00.532	1782868080532	4015.70	4015.98		0	0	134	28
2026.07.01	01:08:02.263	1782868082263	4015.69	4015.97		0	0	134	28
2026.07.01	01:08:02.881	1782868082881	4015.70	4015.98		0	0	134	28
2026.07.01	01:08:03.128	1782868083128	4015.69	4015.95		0	0	134	26
2026.07.01	01:08:04.118	1782868084118	4015.69	4015.97		0	0	4	28
2026.07.01	01:08:04.736	1782868084736	4015.68	4015.96		0	0	134	28
2026.07.01	01:08:08.691	1782868088691	4015.69	4015.97		0	0	134	28
2026.07.01	01:08:10.394	1782868090394	4015.68	4015.96		0	0	134	28
2026.07.01	01:08:11.463	1782868091463	4015.67	4015.95		0	0	134	28
2026.07.01	01:08:11.524	1782868091524	4015.68	4015.96		0	0	134	28
2026.07.01	01:08:11.536	1782868091536	4015.71	4015.99		0	0	134	28
2026.07.01	01:08:11.784	1782868091784	4015.68	4015.96		0	0	134	28
2026.07.01	01:08:12.033	1782868092033	4015.91	4016.17		0	0	134	26
2026.07.01	01:08:12.109	1782868092109	4016.08	4016.36		0	0	134	28
2026.07.01	01:08:12.124	1782868092124	4016.13	4016.41		0	0	134	28
2026.07.01	01:08:12.156	1782868092156	4016.12	4016.40		0	0	134	28
2026.07.01	01:08:12.279	1782868092279	4016.04	4016.35		0	0	134	31
2026.07.01	01:08:12.402	1782868092402	4016.05	4016.33		0	0	134	28
2026.07.01	01:08:15.741	1782868095741	4016.09	4016.37		0	0	134	28
2026.07.01	01:08:17.967	1782868097967	4016.12	4016.40		0	0	134	28
2026.07.01	01:08:18.213	1782868098213	4016.09	4016.37		0	0	134	28
2026.07.01	01:08:19.697	1782868099697	4016.07	4016.35		0	0	134	28
2026.07.01	01:08:20.067	1782868100067	4016.05	4016.33		0	0	134	28
2026.07.01	01:08:20.628	1782868100628	4015.78	4016.07		0	0	134	29
2026.07.01	01:08:20.629	1782868100629	4015.59	4015.91		0	0	134	32
2026.07.01	01:08:20.630	1782868100630	4015.57	4015.89		0	0	134	32
2026.07.01	01:08:20.632	1782868100632	4015.49	4015.87		0	0	134	38
2026.07.01	01:08:20.633	1782868100633	4015.47	4015.86		0	0	134	39
2026.07.01	01:08:20.644	1782868100644	4015.46	4015.84		0	0	134	38
2026.07.01	01:08:20.646	1782868100646	4015.45	4015.82		0	0	134	37
2026.07.01	01:08:20.647	1782868100647	4015.59	4015.87		0	0	134	28
2026.07.01	01:08:20.648	1782868100648	4015.50	4015.78		0	0	134	28
2026.07.01	01:08:20.670	1782868100670	4015.57	4015.85		0	0	134	28
2026.07.01	01:08:20.670	1782868100670	4015.53	4015.80		0	0	134	27
2026.07.01	01:08:20.683	1782868100683	4015.50	4015.78		0	0	134	28
2026.07.01	01:08:20.684	1782868100684	4015.46	4015.74		0	0	134	28
2026.07.01	01:08:20.684	1782868100684	4015.53	4015.80		0	0	134	27
2026.07.01	01:08:20.685	1782868100685	4015.59	4015.87		0	0	134	28
2026.07.01	01:08:20.809	1782868100809	4015.52	4015.80		0	0	134	28
2026.07.01	01:08:21.057	1782868101057	4015.62	4015.90		0	0	134	28
2026.07.01	01:08:22.170	1782868102170	4015.60	4015.88		0	0	134	28
2026.07.01	01:08:22.509	1782868102509	4015.87	4016.15		0	0	134	28
2026.07.01	01:08:22.540	1782868102540	4015.73	4016.01		0	0	134	28
2026.07.01	01:08:23.776	1782868103776	4015.84	4016.12		0	0	134	28
2026.07.01	01:08:25.386	1782868105386	4015.83	4016.11		0	0	134	28
2026.07.01	01:08:25.472	1782868105472	4015.80	4016.08		0	0	134	28
2026.07.01	01:08:25.472	1782868105472	4015.75	4016.14		0	0	134	39
2026.07.01	01:08:25.472	1782868105472	4015.62	4016.01		0	0	134	39
2026.07.01	01:08:25.472	1782868105472	4015.62	4016.00		0	0	4	38
2026.07.01	01:08:25.473	1782868105473	4015.63	4016.02		0	0	134	39
2026.07.01	01:08:25.479	1782868105479	4015.62	4016.01		0	0	134	39
2026.07.01	01:08:25.481	1782868105481	4015.70	4016.04		0	0	134	34
2026.07.01	01:08:25.489	1782868105489	4015.70	4016.03		0	0	4	33
2026.07.01	01:08:25.520	1782868105520	4015.82	4016.10		0	0	134	28
2026.07.01	01:08:25.529	1782868105529	4015.87	4016.15		0	0	134	28
2026.07.01	01:08:25.634	1782868105634	4015.86	4016.14		0	0	134	28
2026.07.01	01:08:25.643	1782868105643	4015.85	4016.13		0	0	134	28
2026.07.01	01:08:25.647	1782868105647	4015.84	4016.12		0	0	134	28
2026.07.01	01:08:25.648	1782868105648	4015.79	4016.07		0	0	134	28
2026.07.01	01:08:25.648	1782868105648	4015.78	4016.06		0	0	134	28
2026.07.01	01:08:25.657	1782868105657	4015.77	4016.05		0	0	134	28
2026.07.01	01:08:25.743	1782868105743	4015.74	4016.02		0	0	134	28
2026.07.01	01:08:25.745	1782868105745	4015.69	4015.97		0	0	134	28
2026.07.01	01:08:25.755	1782868105755	4015.83	4016.11		0	0	134	28
2026.07.01	01:08:26.744	1782868106744	4015.85	4016.13		0	0	134	28
2026.07.01	01:08:26.992	1782868106992	4015.87	4016.16		0	0	134	29
2026.07.01	01:08:27.115	1782868107115	4016.03	4016.30		0	0	134	27
2026.07.01	01:08:27.202	1782868107202	4016.30	4016.58		0	0	134	28
2026.07.01	01:08:27.204	1782868107204	4016.45	4016.74		0	0	134	29
2026.07.01	01:08:27.216	1782868107216	4016.46	4016.77		0	0	134	31
2026.07.01	01:08:27.221	1782868107221	4016.47	4016.80		0	0	134	33
2026.07.01	01:08:27.226	1782868107226	4016.46	4016.78		0	0	134	32
2026.07.01	01:08:27.226	1782868107226	4016.47	4016.79		0	0	134	32
2026.07.01	01:08:27.231	1782868107231	4016.46	4016.77		0	0	134	31
2026.07.01	01:08:27.240	1782868107240	4016.51	4016.82		0	0	134	31
2026.07.01	01:08:27.364	1782868107364	4016.55	4016.83		0	0	134	28
2026.07.01	01:08:27.857	1782868107857	4016.58	4016.86		0	0	134	28
2026.07.01	01:08:28.039	1782868108039	4016.31	4016.59		0	0	134	28
2026.07.01	01:08:28.045	1782868108045	4016.09	4016.37		0	0	134	28
2026.07.01	01:08:28.049	1782868108049	4016.07	4016.35		0	0	134	28
2026.07.01	01:08:28.049	1782868108049	4016.03	4016.33		0	0	134	30
2026.07.01	01:08:28.050	1782868108050	4016.04	4016.35		0	0	134	31
2026.07.01	01:08:28.050	1782868108050	4016.03	4016.34		0	0	134	31
2026.07.01	01:08:28.057	1782868108057	4016.03	4016.33		0	0	4	30
2026.07.01	01:08:28.093	1782868108093	4016.14	4016.42		0	0	134	28
2026.07.01	01:08:28.105	1782868108105	4016.19	4016.47		0	0	134	28
2026.07.01	01:08:28.228	1782868108228	4016.22	4016.50		0	0	134	28
2026.07.01	01:08:28.352	1782868108352	4016.23	4016.51		0	0	134	28
2026.07.01	01:08:28.722	1782868108722	4016.28	4016.56		0	0	134	28
2026.07.01	01:08:28.846	1782868108846	4016.30	4016.58		0	0	134	28
2026.07.01	01:08:29.465	1782868109465	4016.23	4016.51		0	0	134	28
2026.07.01	01:08:30.330	1782868110330	4016.25	4016.52		0	0	134	27
2026.07.01	01:08:30.577	1782868110577	4016.18	4016.46		0	0	134	28
2026.07.01	01:08:31.690	1782868111690	4016.25	4016.53		0	0	134	28
2026.07.01	01:08:31.814	1782868111814	4016.26	4016.54		0	0	134	28
2026.07.01	01:08:32.184	1782868112184	4016.23	4016.51		0	0	134	28
2026.07.01	01:08:33.050	1782868113050	4016.31	4016.59		0	0	134	28
2026.07.01	01:08:33.174	1782868113174	4016.14	4016.42		0	0	134	28
2026.07.01	01:08:33.249	1782868113249	4016.00	4016.29		0	0	134	29
2026.07.01	01:08:33.250	1782868113250	4016.05	4016.33		0	0	134	28
2026.07.01	01:08:33.251	1782868113251	4016.04	4016.32		0	0	134	28
2026.07.01	01:08:33.252	1782868113252	4016.03	4016.31		0	0	134	28
2026.07.01	01:08:33.252	1782868113252	4015.97	4016.29		0	0	134	32
2026.07.01	01:08:33.253	1782868113253	4015.94	4016.26		0	0	134	32
2026.07.01	01:08:33.253	1782868113253	4015.89	4016.24		0	0	134	35
2026.07.01	01:08:33.257	1782868113257	4015.76	4016.20		0	0	134	44
2026.07.01	01:08:33.259	1782868113259	4015.73	4016.19		0	0	134	46
2026.07.01	01:08:33.260	1782868113260	4015.72	4016.19		0	0	130	47
2026.07.01	01:08:33.268	1782868113268	4015.71	4016.14		0	0	134	43
2026.07.01	01:08:33.269	1782868113269	4015.74	4016.15		0	0	134	41
2026.07.01	01:08:33.272	1782868113272	4015.76	4016.16		0	0	134	40
2026.07.01	01:08:33.273	1782868113273	4015.75	4016.14		0	0	134	39
2026.07.01	01:08:33.275	1782868113275	4015.76	4016.14		0	0	130	38
2026.07.01	01:08:33.288	1782868113288	4015.82	4016.16		0	0	134	34
2026.07.01	01:08:33.299	1782868113299	4015.73	4016.07		0	0	134	34
2026.07.01	01:08:33.449	1782868113449	4015.76	4016.03		0	0	134	27
2026.07.01	01:08:33.514	1782868113514	4015.74	4016.02		0	0	134	28
2026.07.01	01:08:33.545	1782868113545	4015.72	4016.00		0	0	134	28
2026.07.01	01:08:34.657	1782868114657	4015.73	4016.01		0	0	134	28
2026.07.01	01:08:34.781	1782868114781	4015.82	4016.12		0	0	134	30
2026.07.01	01:08:34.904	1782868114904	4015.86	4016.14		0	0	134	28
2026.07.01	01:08:35.030	1782868115030	4015.89	4016.15		0	0	134	26
2026.07.01	01:08:37.131	1782868117131	4015.92	4016.20		0	0	134	28
2026.07.01	01:08:38.490	1782868118490	4015.97	4016.25		0	0	134	28
2026.07.01	01:08:38.651	1782868118651	4015.83	4016.18		0	0	134	35
2026.07.01	01:08:38.733	1782868118733	4015.90	4016.20		0	0	134	30
2026.07.01	01:08:38.738	1782868118738	4015.87	4016.17		0	0	134	30
2026.07.01	01:08:39.479	1782868119479	4015.83	4016.13		0	0	134	30
2026.07.01	01:08:39.604	1782868119604	4015.86	4016.14		0	0	134	28
2026.07.01	01:08:40.345	1782868120345	4015.77	4016.12		0	0	134	35
2026.07.01	01:08:40.843	1782868120843	4015.61	4016.15		0	0	134	54
2026.07.01	01:08:40.965	1782868120965	4015.70	4016.10		0	0	134	40
2026.07.01	01:08:41.214	1782868121214	4015.73	4016.13		0	0	134	40
2026.07.01	01:08:42.819	1782868122819	4015.84	4016.14		0	0	134	30
2026.07.01	01:08:42.941	1782868122941	4015.87	4016.14		0	0	130	27
2026.07.01	01:08:43.314	1782868123314	4015.93	4016.20		0	0	134	27
2026.07.01	01:08:43.560	1782868123560	4015.70	4015.98		0	0	134	28
2026.07.01	01:08:44.425	1782868124425	4015.77	4016.05		0	0	134	28
2026.07.01	01:08:44.549	1782868124549	4015.89	4016.15		0	0	134	26
2026.07.01	01:08:44.672	1782868124672	4015.82	4016.10		0	0	134	28
2026.07.01	01:08:44.920	1782868124920	4015.70	4015.98		0	0	134	28
2026.07.01	01:08:45.044	1782868125044	4015.69	4015.97		0	0	134	28
2026.07.01	01:08:45.168	1782868125168	4015.73	4015.99		0	0	134	26
2026.07.01	01:08:47.147	1782868127147	4015.67	4015.95		0	0	134	28
2026.07.01	01:08:47.764	1782868127764	4015.70	4015.98		0	0	134	28
2026.07.01	01:08:48.011	1782868128011	4015.66	4015.94		0	0	134	28
2026.07.01	01:08:48.259	1782868128259	4015.61	4015.89		0	0	134	28
2026.07.01	01:08:48.631	1782868128631	4015.66	4015.94		0	0	134	28
2026.07.01	01:08:49.001	1782868129001	4015.64	4015.92		0	0	134	28
2026.07.01	01:08:49.619	1782868129619	4015.67	4015.95		0	0	134	28
2026.07.01	01:08:49.708	1782868129708	4015.89	4016.17		0	0	134	28
2026.07.01	01:08:49.743	1782868129743	4015.79	4016.07		0	0	134	28
2026.07.01	01:08:49.867	1782868129867	4015.71	4015.99		0	0	134	28
2026.07.01	01:08:50.114	1782868130114	4015.73	4016.01		0	0	134	28
2026.07.01	01:08:50.237	1782868130237	4015.75	4016.03		0	0	134	28
2026.07.01	01:08:50.608	1782868130608	4015.77	4016.05		0	0	134	28
2026.07.01	01:08:50.845	1782868130845	4015.81	4016.09		0	0	134	28
2026.07.01	01:08:50.855	1782868130855	4015.78	4016.06		0	0	134	28
2026.07.01	01:08:50.978	1782868130978	4015.81	4016.08		0	0	134	27
2026.07.01	01:08:51.103	1782868131103	4015.77	4016.05		0	0	134	28
2026.07.01	01:08:51.226	1782868131226	4015.75	4016.03		0	0	134	28
2026.07.01	01:08:51.474	1782868131474	4015.67	4015.95		0	0	134	28
2026.07.01	01:08:52.340	1782868132340	4015.63	4015.91		0	0	134	28
2026.07.01	01:08:53.328	1782868133328	4015.64	4015.92		0	0	134	28
2026.07.01	01:08:55.183	1782868135183	4015.62	4015.90		0	0	134	28
2026.07.01	01:08:55.554	1782868135554	4015.65	4015.92		0	0	134	27
2026.07.01	01:08:55.847	1782868135847	4015.54	4015.82		0	0	134	28
2026.07.01	01:08:55.848	1782868135848	4015.53	4015.80		0	0	134	27
2026.07.01	01:08:55.850	1782868135850	4015.45	4015.73		0	0	134	28
2026.07.01	01:08:55.859	1782868135859	4015.46	4015.75		0	0	134	29
2026.07.01	01:08:55.910	1782868135910	4015.57	4015.85		0	0	134	28
2026.07.01	01:08:55.925	1782868135925	4015.51	4015.79		0	0	134	28
2026.07.01	01:08:56.172	1782868136172	4015.56	4015.84		0	0	134	28
2026.07.01	01:08:56.295	1782868136295	4015.60	4015.88		0	0	134	28
2026.07.01	01:08:56.667	1782868136667	4015.61	4015.88		0	0	130	27
2026.07.01	01:08:57.162	1782868137162	4015.65	4015.93		0	0	134	28
2026.07.01	01:08:57.987	1782868137987	4015.68	4015.96		0	0	134	28
2026.07.01	01:08:57.988	1782868137988	4015.69	4015.97		0	0	134	28
2026.07.01	01:08:58.027	1782868138027	4015.66	4015.94		0	0	134	28
2026.07.01	01:08:58.274	1782868138274	4015.58	4015.86		0	0	134	28
2026.07.01	01:08:58.521	1782868138521	4015.53	4015.81		0	0	134	28
2026.07.01	01:08:59.635	1782868139635	4015.58	4015.86		0	0	134	28
2026.07.01	01:09:00.747	1782868140747	4015.57	4015.85		0	0	134	28
2026.07.01	01:09:00.871	1782868140871	4015.50	4015.78		0	0	134	28
2026.07.01	01:09:00.993	1782868140993	4015.58	4015.87		0	0	134	29
2026.07.01	01:09:01.182	1782868141182	4015.86	4016.14		0	0	134	28
2026.07.01	01:09:01.182	1782868141182	4016.02	4016.30		0	0	134	28
2026.07.01	01:09:01.184	1782868141184	4015.97	4016.26		0	0	134	29
2026.07.01	01:09:01.184	1782868141184	4015.87	4016.16		0	0	134	29
2026.07.01	01:09:01.185	1782868141185	4015.95	4016.26		0	0	134	31
2026.07.01	01:09:01.186	1782868141186	4015.99	4016.38		0	0	134	39
2026.07.01	01:09:01.188	1782868141188	4015.98	4016.38		0	0	130	40
2026.07.01	01:09:01.190	1782868141190	4016.00	4016.47		0	0	134	47
2026.07.01	01:09:01.194	1782868141194	4016.02	4016.47		0	0	130	45
2026.07.01	01:09:01.199	1782868141199	4016.04	4016.48		0	0	134	44
2026.07.01	01:09:01.200	1782868141200	4016.13	4016.51		0	0	134	38
2026.07.01	01:09:01.238	1782868141238	4016.21	4016.54		0	0	134	33
2026.07.01	01:09:01.239	1782868141239	4016.29	4016.56		0	0	134	27
2026.07.01	01:09:01.243	1782868141243	4016.28	4016.56		0	0	130	28
2026.07.01	01:09:01.365	1782868141365	4016.29	4016.57		0	0	134	28
2026.07.01	01:09:01.394	1782868141394	4016.35	4016.63		0	0	134	28
2026.07.01	01:09:01.395	1782868141395	4016.38	4016.66		0	0	134	28
2026.07.01	01:09:01.612	1782868141612	4016.36	4016.64		0	0	134	28
2026.07.01	01:09:01.735	1782868141735	4016.51	4016.79		0	0	134	28
2026.07.01	01:09:01.983	1782868141983	4016.50	4016.78		0	0	134	28
2026.07.01	01:09:02.106	1782868142106	4016.61	4016.88		0	0	134	27
2026.07.01	01:09:02.725	1782868142725	4016.58	4016.86		0	0	134	28
2026.07.01	01:09:02.848	1782868142848	4016.46	4016.74		0	0	134	28
2026.07.01	01:09:02.973	1782868142973	4016.30	4016.58		0	0	134	28
2026.07.01	01:09:03.096	1782868143096	4016.40	4016.70		0	0	134	30
2026.07.01	01:09:03.220	1782868143220	4016.57	4016.85		0	0	134	28
