<DATE>	<TIME>	<TIME_MSC>	<BID>	<ASK>	<LAST>	<VOLUME>	<VOLUME_REAL>	<FLAGS>	<SPREAD>
2026.05.12	21:54:23.211	1778622863211	4697.39	4697.67		0	0	134	28
2026.05.12	21:54:23.329	1778622863329	4697.32	4697.60		0	0	134	28
2026.05.12	21:54:23.449	1778622863449	4697.28	4697.56		0	0	134	28
2026.05.12	21:54:23.566	1778622863566	4697.27	4697.55		0	0	134	28
2026.05.12	21:54:23.923	1778622863923	4697.29	4697.57		0	0	134	28
2026.05.12	21:54:24.157	1778622864157	4697.24	4697.52		0	0	134	28
2026.05.12	21:54:24.276	1778622864276	4697.32	4697.60		0	0	134	28
2026.05.12	21:54:24.513	1778622864513	4697.32	4697.58		0	0	4	26
2026.05.12	21:54:24.669	1778622864669	4697.02	4697.33		0	0	134	31
2026.05.12	21:54:24.677	1778622864677	4696.90	4697.20		0	0	134	30
2026.05.12	21:54:24.717	1778622864717	4696.93	4697.21		0	0	134	28
2026.05.12	21:54:24.719	1778622864719	4696.93	4697.23		0	0	4	30
2026.05.12	21:54:24.727	1778622864727	4697.06	4697.34		0	0	134	28
2026.05.12	21:54:24.750	1778622864750	4697.13	4697.41		0	0	134	28
2026.05.12	21:54:25.104	1778622865104	4697.15	4697.43		0	0	134	28
2026.05.12	21:54:25.223	1778622865223	4697.19	4697.47		0	0	134	28
2026.05.12	21:54:25.341	1778622865341	4697.17	4697.45		0	0	134	28
2026.05.12	21:54:25.578	1778622865578	4697.22	4697.50		0	0	134	28
2026.05.12	21:54:25.696	1778622865696	4697.21	4697.47		0	0	134	26
2026.05.12	21:54:25.814	1778622865814	4697.19	4697.47		0	0	130	28
2026.05.12	21:54:25.933	1778622865933	4697.16	4697.44		0	0	134	28
2026.05.12	21:54:26.050	1778622866050	4697.21	4697.49		0	0	134	28
2026.05.12	21:54:26.170	1778622866170	4697.15	4697.43		0	0	134	28
2026.05.12	21:54:26.405	1778622866405	4697.12	4697.40		0	0	134	28
2026.05.12	21:54:26.523	1778622866523	4697.18	4697.46		0	0	134	28
2026.05.12	21:54:26.761	1778622866761	4697.20	4697.48		0	0	134	28
2026.05.12	21:54:26.872	1778622866872	4696.95	4697.23		0	0	134	28
2026.05.12	21:54:26.872	1778622866872	4696.96	4697.24		0	0	134	28
2026.05.12	21:54:26.877	1778622866877	4696.99	4697.27		0	0	134	28
2026.05.12	21:54:26.879	1778622866879	4697.00	4697.30		0	0	134	30
2026.05.12	21:54:26.879	1778622866879	4697.02	4697.32		0	0	134	30
2026.05.12	21:54:26.997	1778622866997	4697.09	4697.37		0	0	134	28
2026.05.12	21:54:27.118	1778622867118	4697.04	4697.32		0	0	134	28
2026.05.12	21:54:27.353	1778622867353	4697.05	4697.33		0	0	134	28
2026.05.12	21:54:27.824	1778622867824	4697.07	4697.35		0	0	134	28
2026.05.12	21:54:28.182	1778622868182	4697.09	4697.37		0	0	134	28
2026.05.12	21:54:28.299	1778622868299	4696.95	4697.23		0	0	134	28
2026.05.12	21:54:28.416	1778622868416	4696.96	4697.24		0	0	134	28
2026.05.12	21:54:28.478	1778622868478	4696.72	4697.00		0	0	134	28
2026.05.12	21:54:28.479	1778622868479	4696.69	4696.97		0	0	134	28
2026.05.12	21:54:28.535	1778622868535	4696.68	4696.96		0	0	134	28
2026.05.12	21:54:28.535	1778622868535	4696.77	4697.05		0	0	134	28
2026.05.12	21:54:28.771	1778622868771	4696.82	4697.09		0	0	134	27
2026.05.12	21:54:28.884	1778622868884	4696.76	4697.04		0	0	134	28
2026.05.12	21:54:28.890	1778622868890	4696.81	4697.08		0	0	134	27
2026.05.12	21:54:29.009	1778622869009	4696.79	4697.07		0	0	134	28
2026.05.12	21:54:29.215	1778622869215	4696.83	4697.11		0	0	134	28
2026.05.12	21:54:29.215	1778622869215	4696.84	4697.12		0	0	134	28
2026.05.12	21:54:29.216	1778622869216	4696.86	4697.14		0	0	134	28
2026.05.12	21:54:29.216	1778622869216	4696.89	4697.17		0	0	134	28
2026.05.12	21:54:29.244	1778622869244	4696.88	4697.16		0	0	134	28
2026.05.12	21:54:29.363	1778622869363	4696.91	4697.19		0	0	134	28
2026.05.12	21:54:29.481	1778622869481	4696.92	4697.20		0	0	134	28
2026.05.12	21:54:29.599	1778622869599	4696.90	4697.18		0	0	134	28
2026.05.12	21:54:29.838	1778622869838	4696.89	4697.17		0	0	134	28
2026.05.12	21:54:30.191	1778622870191	4696.92	4697.17		0	0	130	25
2026.05.12	21:54:30.309	1778622870309	4696.93	4697.21		0	0	134	28
2026.05.12	21:54:30.429	1778622870429	4697.03	4697.31		0	0	134	28
2026.05.12	21:54:30.497	1778622870497	4697.25	4697.53		0	0	134	28
2026.05.12	21:54:30.546	1778622870546	4697.20	4697.48		0	0	134	28
2026.05.12	21:54:30.782	1778622870782	4697.15	4697.43		0	0	134	28
2026.05.12	21:54:30.900	1778622870900	4697.18	4697.46		0	0	134	28
2026.05.12	21:54:31.020	1778622871020	4697.12	4697.40		0	0	134	28
2026.05.12	21:54:31.138	1778622871138	4697.04	4697.32		0	0	134	28
2026.05.12	21:54:31.256	1778622871256	4697.10	4697.38		0	0	134	28
2026.05.12	21:54:31.374	1778622871374	4697.12	4697.40		0	0	134	28
2026.05.12	21:54:31.534	1778622871534	4697.16	4697.41		0	0	134	25
2026.05.12	21:54:31.547	1778622871547	4697.07	4697.35		0	0	134	28
2026.05.12	21:54:31.611	1778622871611	4697.08	4697.36		0	0	134	28
2026.05.12	21:54:31.966	1778622871966	4697.16	4697.44		0	0	134	28
2026.05.12	21:54:32.084	1778622872084	4697.19	4697.47		0	0	134	28
2026.05.12	21:54:32.202	1778622872202	4697.18	4697.46		0	0	134	28
2026.05.12	21:54:32.321	1778622872321	4697.17	4697.45		0	0	134	28
2026.05.12	21:54:32.439	1778622872439	4697.10	4697.38		0	0	134	28
2026.05.12	21:54:32.556	1778622872556	4697.01	4697.29		0	0	134	28
2026.05.12	21:54:32.676	1778622872676	4697.05	4697.33		0	0	134	28
2026.05.12	21:54:32.911	1778622872911	4697.22	4697.50		0	0	134	28
2026.05.12	21:54:33.031	1778622873031	4697.12	4697.40		0	0	134	28
2026.05.12	21:54:33.267	1778622873267	4697.02	4697.30		0	0	134	28
2026.05.12	21:54:33.540	1778622873540	4696.64	4696.97		0	0	134	33
2026.05.12	21:54:33.540	1778622873540	4696.73	4697.05		0	0	134	32
2026.05.12	21:54:33.543	1778622873543	4696.64	4696.96		0	0	4	32
2026.05.12	21:54:33.546	1778622873546	4696.63	4696.94		0	0	134	31
2026.05.12	21:54:33.547	1778622873547	4696.63	4696.93		0	0	4	30
2026.05.12	21:54:33.594	1778622873594	4696.70	4696.98		0	0	134	28
2026.05.12	21:54:33.598	1778622873598	4696.75	4697.03		0	0	134	28
2026.05.12	21:54:33.622	1778622873622	4696.82	4697.10		0	0	134	28
2026.05.12	21:54:33.741	1778622873741	4696.83	4697.11		0	0	134	28
2026.05.12	21:54:33.827	1778622873827	4696.69	4696.97		0	0	134	28
2026.05.12	21:54:33.828	1778622873828	4696.68	4696.96		0	0	134	28
2026.05.12	21:54:33.976	1778622873976	4696.85	4697.13		0	0	134	28
2026.05.12	21:54:34.091	1778622874091	4696.74	4697.02		0	0	134	28
2026.05.12	21:54:34.094	1778622874094	4696.68	4696.96		0	0	134	28
2026.05.12	21:54:34.213	1778622874213	4696.71	4696.99		0	0	134	28
2026.05.12	21:54:34.686	1778622874686	4696.78	4697.06		0	0	134	28
2026.05.12	21:54:34.923	1778622874923	4696.86	4697.14		0	0	134	28
2026.05.12	21:54:35.042	1778622875042	4696.83	4697.11		0	0	134	28
2026.05.12	21:54:35.161	1778622875161	4696.84	4697.12		0	0	134	28
2026.05.12	21:54:35.396	1778622875396	4696.83	4697.11		0	0	134	28
2026.05.12	21:54:35.633	1778622875633	4696.87	4697.15		0	0	134	28
2026.05.12	21:54:35.752	1778622875752	4696.90	4697.18		0	0	134	28
2026.05.12	21:54:35.989	1778622875989	4696.95	4697.23		0	0	134	28
2026.05.12	21:54:36.108	1778622876108	4697.00	4697.28		0	0	134	28
2026.05.12	21:54:36.347	1778622876347	4697.10	4697.37		0	0	134	27
2026.05.12	21:54:36.464	1778622876464	4697.07	4697.35		0	0	134	28
2026.05.12	21:54:36.935	1778622876935	4697.11	4697.38		0	0	134	27
2026.05.12	21:54:37.171	1778622877171	4697.08	4697.36		0	0	134	28
2026.05.12	21:54:37.289	1778622877289	4697.12	4697.37		0	0	134	25
2026.05.12	21:54:37.407	1778622877407	4697.03	4697.31		0	0	134	28
2026.05.12	21:54:37.527	1778622877527	4697.07	4697.35		0	0	134	28
2026.05.12	21:54:37.765	1778622877765	4697.06	4697.34		0	0	134	28
2026.05.12	21:54:37.882	1778622877882	4697.07	4697.35		0	0	134	28
2026.05.12	21:54:37.990	1778622877990	4697.25	4697.53		0	0	134	28
2026.05.12	21:54:38.001	1778622878001	4697.32	4697.58		0	0	134	26
2026.05.12	21:54:38.042	1778622878042	4697.29	4697.57		0	0	134	28
2026.05.12	21:54:38.120	1778622878120	4697.23	4697.51		0	0	134	28
2026.05.12	21:54:38.237	1778622878237	4697.18	4697.46		0	0	134	28
2026.05.12	21:54:38.472	1778622878472	4697.15	4697.43		0	0	134	28
2026.05.12	21:54:38.592	1778622878592	4697.12	4697.40		0	0	134	28
2026.05.12	21:54:38.709	1778622878709	4697.14	4697.42		0	0	134	28
2026.05.12	21:54:38.945	1778622878945	4697.15	4697.43		0	0	134	28
2026.05.12	21:54:39.300	1778622879300	4697.11	4697.39		0	0	134	28
2026.05.12	21:54:39.892	1778622879892	4697.12	4697.40		0	0	134	28
2026.05.12	21:54:40.355	1778622880355	4696.92	4697.20		0	0	134	28
2026.05.12	21:54:40.366	1778622880366	4696.84	4697.12		0	0	134	28
2026.05.12	21:54:40.483	1778622880483	4696.89	4697.17		0	0	134	28
2026.05.12	21:54:40.601	1778622880601	4696.90	4697.18		0	0	134	28
2026.05.12	21:54:40.839	1778622880839	4696.92	4697.20		0	0	134	28
2026.05.12	21:54:41.075	1778622881075	4696.94	4697.21		0	0	134	27
2026.05.12	21:54:41.313	1778622881313	4696.96	4697.24		0	0	134	28
2026.05.12	21:54:41.431	1778622881431	4696.93	4697.21		0	0	134	28
2026.05.12	21:54:41.784	1778622881784	4696.92	4697.20		0	0	134	28
2026.05.12	21:54:42.140	1778622882140	4696.99	4697.27		0	0	134	28
2026.05.12	21:54:42.258	1778622882258	4697.02	4697.30		0	0	134	28
2026.05.12	21:54:42.494	1778622882494	4696.96	4697.23		0	0	134	27
2026.05.12	21:54:42.613	1778622882613	4696.99	4697.27		0	0	134	28
2026.05.12	21:54:42.967	1778622882967	4696.98	4697.26		0	0	134	28
2026.05.12	21:54:43.086	1778622883086	4697.00	4697.28		0	0	134	28
2026.05.12	21:54:43.323	1778622883323	4697.07	4697.35		0	0	134	28
2026.05.12	21:54:43.795	1778622883795	4697.08	4697.36		0	0	134	28
2026.05.12	21:54:44.034	1778622884034	4697.01	4697.29		0	0	134	28
2026.05.12	21:54:44.151	1778622884151	4697.08	4697.34		0	0	134	26
2026.05.12	21:54:44.225	1778622884225	4697.05	4697.33		0	0	134	28
2026.05.12	21:54:44.231	1778622884231	4697.03	4697.31		0	0	134	28
2026.05.12	21:54:44.231	1778622884231	4697.04	4697.32		0	0	134	28
2026.05.12	21:54:44.243	1778622884243	4697.22	4697.50		0	0	134	28
2026.05.12	21:54:44.252	1778622884252	4697.10	4697.38		0	0	134	28
2026.05.12	21:54:44.270	1778622884270	4696.98	4697.26		0	0	134	28
2026.05.12	21:54:44.387	1778622884387	4696.99	4697.27		0	0	134	28
2026.05.12	21:54:44.623	1778622884623	4697.01	4697.29		0	0	134	28
2026.05.12	21:54:45.334	1778622885334	4697.07	4697.35		0	0	134	28
2026.05.12	21:54:45.454	1778622885454	4697.08	4697.36		0	0	134	28
2026.05.12	21:54:45.573	1778622885573	4697.09	4697.37		0	0	134	28
2026.05.12	21:54:46.162	1778622886162	4697.06	4697.34		0	0	134	28
2026.05.12	21:54:46.636	1778622886636	4697.00	4697.28		0	0	134	28
2026.05.12	21:54:46.754	1778622886754	4697.07	4697.35		0	0	134	28
2026.05.12	21:54:46.871	1778622886871	4697.10	4697.38		0	0	134	28
2026.05.12	21:54:46.989	1778622886989	4697.12	4697.40		0	0	134	28
2026.05.12	21:54:47.107	1778622887107	4697.25	4697.53		0	0	134	28
2026.05.12	21:54:47.229	1778622887229	4697.19	4697.47		0	0	134	28
2026.05.12	21:54:47.464	1778622887464	4697.23	4697.51		0	0	134	28
2026.05.12	21:54:47.818	1778622887818	4697.29	4697.55		0	0	134	26
2026.05.12	21:54:47.937	1778622887937	4697.29	4697.57		0	0	4	28
2026.05.12	21:54:48.173	1778622888173	4697.28	4697.56		0	0	134	28
2026.05.12	21:54:48.527	1778622888527	4697.15	4697.43		0	0	134	28
2026.05.12	21:54:48.646	1778622888646	4697.14	4697.42		0	0	134	28
2026.05.12	21:54:48.882	1778622888882	4697.15	4697.43		0	0	134	28
2026.05.12	21:54:49.001	1778622889001	4697.18	4697.46		0	0	134	28
2026.05.12	21:54:49.237	1778622889237	4697.31	4697.59		0	0	134	28
2026.05.12	21:54:49.947	1778622889947	4697.30	4697.58		0	0	134	28
2026.05.12	21:54:50.305	1778622890305	4697.32	4697.60		0	0	134	28
2026.05.12	21:54:50.659	1778622890659	4697.30	4697.58		0	0	134	28
2026.05.12	21:54:51.271	1778622891271	4697.03	4697.31		0	0	134	28
2026.05.12	21:54:51.317	1778622891317	4697.00	4697.27		0	0	134	27
2026.05.12	21:54:51.318	1778622891318	4696.99	4697.27		0	0	130	28
2026.05.12	21:54:51.326	1778622891326	4697.00	4697.28		0	0	134	28
2026.05.12	21:54:51.604	1778622891604	4696.99	4697.27		0	0	134	28
2026.05.12	21:54:51.721	1778622891721	4697.00	4697.28		0	0	134	28
2026.05.12	21:54:52.078	1778622892078	4697.01	4697.29		0	0	134	28
2026.05.12	21:54:52.197	1778622892197	4696.88	4697.16		0	0	134	28
2026.05.12	21:54:52.315	1778622892315	4696.88	4697.13		0	0	4	25
2026.05.12	21:54:52.547	1778622892547	4696.89	4697.15		0	0	134	26
2026.05.12	21:54:52.552	1778622892552	4696.86	4697.14		0	0	134	28
2026.05.12	21:54:52.670	1778622892670	4696.85	4697.13		0	0	134	28
2026.05.12	21:54:52.905	1778622892905	4696.88	4697.16		0	0	134	28
2026.05.12	21:54:53.143	1778622893143	4696.86	4697.14		0	0	134	28
2026.05.12	21:54:53.264	1778622893264	4696.89	4697.17		0	0	134	28
2026.05.12	21:54:53.497	1778622893497	4696.85	4697.13		0	0	134	28
2026.05.12	21:54:54.089	1778622894089	4696.92	4697.20		0	0	134	28
2026.05.12	21:54:54.208	1778622894208	4696.94	4697.22		0	0	134	28
2026.05.12	21:54:54.326	1778622894326	4696.91	4697.18		0	0	134	27
2026.05.12	21:54:54.563	1778622894563	4696.87	4697.14		0	0	134	27
2026.05.12	21:54:54.680	1778622894680	4696.91	4697.19		0	0	134	28
2026.05.12	21:54:54.920	1778622894920	4697.00	4697.25		0	0	134	25
2026.05.12	21:54:55.153	1778622895153	4696.94	4697.22		0	0	134	28
2026.05.12	21:54:55.273	1778622895273	4696.96	4697.24		0	0	134	28
2026.05.12	21:54:55.627	1778622895627	4696.95	4697.22		0	0	134	27
2026.05.12	21:54:56.219	1778622896219	4697.03	4697.29		0	0	134	26
2026.05.12	21:54:56.337	1778622896337	4697.04	4697.32		0	0	134	28
2026.05.12	21:54:56.455	1778622896455	4697.02	4697.30		0	0	134	28
2026.05.12	21:54:56.810	1778622896810	4697.04	4697.32		0	0	134	28
2026.05.12	21:54:56.928	1778622896928	4697.06	4697.34		0	0	134	28
2026.05.12	21:54:57.402	1778622897402	4696.91	4697.19		0	0	134	28
2026.05.12	21:54:57.520	1778622897520	4696.76	4697.04		0	0	134	28
2026.05.12	21:54:57.993	1778622897993	4696.74	4697.02		0	0	134	28
2026.05.12	21:54:58.228	1778622898228	4696.83	4697.11		0	0	134	28
2026.05.12	21:54:58.466	1778622898466	4696.84	4697.11		0	0	130	27
2026.05.12	21:54:58.702	1778622898702	4696.85	4697.13		0	0	134	28
2026.05.12	21:54:58.821	1778622898821	4696.88	4697.16		0	0	134	28
2026.05.12	21:54:58.939	1778622898939	4696.91	4697.17		0	0	134	26
2026.05.12	21:54:59.295	1778622899295	4696.96	4697.24		0	0	134	28
2026.05.12	21:54:59.412	1778622899412	4696.97	4697.25		0	0	134	28
2026.05.12	21:54:59.651	1778622899651	4696.96	4697.24		0	0	134	28
2026.05.12	21:54:59.769	1778622899769	4696.97	4697.25		0	0	134	28
2026.05.12	21:55:00.005	1778622900005	4696.96	4697.24		0	0	134	28
2026.05.12	21:55:00.225	1778622900225	4696.83	4697.11		0	0	134	28
2026.05.12	21:55:00.225	1778622900225	4696.85	4697.12		0	0	134	27
2026.05.12	21:55:00.228	1778622900228	4696.73	4697.01		0	0	134	28
2026.05.12	21:55:00.229	1778622900229	4696.65	4696.93		0	0	134	28
2026.05.12	21:55:00.229	1778622900229	4696.68	4696.95		0	0	134	27
2026.05.12	21:55:00.235	1778622900235	4696.64	4696.92		0	0	134	28
2026.05.12	21:55:00.241	1778622900241	4696.62	4696.90		0	0	134	28
2026.05.12	21:55:00.243	1778622900243	4696.70	4696.98		0	0	134	28
2026.05.12	21:55:00.360	1778622900360	4696.72	4696.98		0	0	130	26
2026.05.12	21:55:00.475	1778622900475	4696.81	4697.09		0	0	134	28
2026.05.12	21:55:00.478	1778622900478	4696.83	4697.11		0	0	134	28
2026.05.12	21:55:00.596	1778622900596	4696.81	4697.09		0	0	134	28
2026.05.12	21:55:00.715	1778622900715	4696.84	4697.12		0	0	134	28
2026.05.12	21:55:00.834	1778622900834	4696.76	4697.04		0	0	134	28
2026.05.12	21:55:00.951	1778622900951	4696.75	4697.03		0	0	134	28
2026.05.12	21:55:01.187	1778622901187	4696.77	4697.05		0	0	134	28
2026.05.12	21:55:01.306	1778622901306	4696.85	4697.13		0	0	134	28
2026.05.12	21:55:01.542	1778622901542	4696.84	4697.12		0	0	134	28
2026.05.12	21:55:01.660	1778622901660	4696.82	4697.10		0	0	134	28
2026.05.12	21:55:01.747	1778622901747	4696.77	4697.05		0	0	134	28
2026.05.12	21:55:01.779	1778622901779	4696.81	4697.09		0	0	134	28
2026.05.12	21:55:02.016	1778622902016	4696.71	4696.99		0	0	134	28
2026.05.12	21:55:02.251	1778622902251	4696.86	4697.13		0	0	134	27
2026.05.12	21:55:02.369	1778622902369	4696.87	4697.15		0	0	134	28
2026.05.12	21:55:02.724	1778622902724	4696.82	4697.09		0	0	134	27
2026.05.12	21:55:02.844	1778622902844	4696.81	4697.09		0	0	130	28
2026.05.12	21:55:03.198	1778622903198	4696.82	4697.10		0	0	134	28
2026.05.12	21:55:03.315	1778622903315	4696.87	4697.15		0	0	134	28
2026.05.12	21:55:03.553	1778622903553	4696.88	4697.16		0	0	134	28
2026.05.12	21:55:03.790	1778622903790	4696.92	4697.20		0	0	134	28
2026.05.12	21:55:03.908	1778622903908	4696.93	4697.21		0	0	134	28
2026.05.12	21:55:04.382	1778622904382	4696.90	4697.18		0	0	134	28
2026.05.12	21:55:04.617	1778622904617	4696.92	4697.20		0	0	134	28
2026.05.12	21:55:04.736	1778622904736	4696.93	4697.21		0	0	134	28
2026.05.12	21:55:04.972	1778622904972	4697.00	4697.28		0	0	134	28
2026.05.12	21:55:05.211	1778622905211	4697.06	4697.34		0	0	134	28
2026.05.12	21:55:05.301	1778622905301	4697.15	4697.43		0	0	134	28
2026.05.12	21:55:05.305	1778622905305	4697.16	4697.44		0	0	134	28
2026.05.12	21:55:05.329	1778622905329	4697.14	4697.42		0	0	134	28
2026.05.12	21:55:05.566	1778622905566	4697.17	4697.45		0	0	134	28
2026.05.12	21:55:05.802	1778622905802	4697.15	4697.43		0	0	134	28
2026.05.12	21:55:05.920	1778622905920	4696.99	4697.27		0	0	134	28
2026.05.12	21:55:06.038	1778622906038	4696.92	4697.20		0	0	134	28
2026.05.12	21:55:06.155	1778622906155	4696.93	4697.21		0	0	134	28
2026.05.12	21:55:06.275	1778622906275	4696.94	4697.21		0	0	130	27
2026.05.12	21:55:06.392	1778622906392	4696.96	4697.24		0	0	134	28
2026.05.12	21:55:06.511	1778622906511	4696.98	4697.24		0	0	130	26
2026.05.12	21:55:07.225	1778622907225	4696.77	4697.05		0	0	134	28
2026.05.12	21:55:07.577	1778622907577	4696.80	4697.08		0	0	134	28
2026.05.12	21:55:07.694	1778622907694	4696.82	4697.10		0	0	134	28
2026.05.12	21:55:07.813	1778622907813	4696.86	4697.14		0	0	134	28
2026.05.12	21:55:08.049	1778622908049	4696.96	4697.24		0	0	134	28
2026.05.12	21:55:08.288	1778622908288	4696.95	4697.23		0	0	134	28
2026.05.12	21:55:08.405	1778622908405	4696.86	4697.14		0	0	134	28
2026.05.12	21:55:08.758	1778622908758	4696.85	4697.13		0	0	134	28
2026.05.12	21:55:08.876	1778622908876	4696.87	4697.15		0	0	134	28
2026.05.12	21:55:08.996	1778622908996	4696.95	4697.23		0	0	134	28
2026.05.12	21:55:09.351	1778622909351	4696.94	4697.22		0	0	134	28
2026.05.12	21:55:09.706	1778622909706	4696.93	4697.21		0	0	134	28
2026.05.12	21:55:10.062	1778622910062	4696.96	4697.24		0	0	134	28
2026.05.12	21:55:10.414	1778622910414	4696.94	4697.22		0	0	134	28
2026.05.12	21:55:10.770	1778622910770	4696.90	4697.18		0	0	134	28
2026.05.12	21:55:11.007	1778622911007	4696.86	4697.14		0	0	134	28
2026.05.12	21:55:11.718	1778622911718	4696.92	4697.20		0	0	134	28
2026.05.12	21:55:12.188	1778622912188	4697.08	4697.36		0	0	134	28
2026.05.12	21:55:12.307	1778622912307	4697.10	4697.38		0	0	134	28
2026.05.12	21:55:12.663	1778622912663	4697.09	4697.37		0	0	134	28
2026.05.12	21:55:12.782	1778622912782	4697.23	4697.51		0	0	134	28
2026.05.12	21:55:13.728	1778622913728	4697.25	4697.53		0	0	134	28
2026.05.12	21:55:13.964	1778622913964	4697.19	4697.47		0	0	134	28
2026.05.12	21:55:14.319	1778622914319	4697.18	4697.46		0	0	134	28
2026.05.12	21:55:14.437	1778622914437	4697.28	4697.54		0	0	134	26
2026.05.12	21:55:14.556	1778622914556	4697.15	4697.43		0	0	134	28
2026.05.12	21:55:14.674	1778622914674	4697.16	4697.44		0	0	134	28
2026.05.12	21:55:15.148	1778622915148	4697.09	4697.37		0	0	134	28
2026.05.12	21:55:15.383	1778622915383	4697.08	4697.36		0	0	134	28
2026.05.12	21:55:15.620	1778622915620	4697.11	4697.39		0	0	134	28
2026.05.12	21:55:15.974	1778622915974	4697.14	4697.42		0	0	134	28
2026.05.12	21:55:16.212	1778622916212	4697.09	4697.37		0	0	134	28
2026.05.12	21:55:16.330	1778622916330	4697.11	4697.39		0	0	134	28
2026.05.12	21:55:16.685	1778622916685	4697.10	4697.38		0	0	134	28
2026.05.12	21:55:16.921	1778622916921	4697.08	4697.36		0	0	134	28
2026.05.12	21:55:17.158	1778622917158	4697.18	4697.46		0	0	134	28
2026.05.12	21:55:17.394	1778622917394	4697.21	4697.49		0	0	134	28
2026.05.12	21:55:17.633	1778622917633	4697.24	4697.52		0	0	134	28
2026.05.12	21:55:17.697	1778622917697	4697.10	4697.38		0	0	134	28
2026.05.12	21:55:17.697	1778622917697	4697.16	4697.44		0	0	134	28
2026.05.12	21:55:17.698	1778622917698	4697.05	4697.33		0	0	134	28
2026.05.12	21:55:17.699	1778622917699	4697.02	4697.30		0	0	134	28
2026.05.12	21:55:17.699	1778622917699	4697.04	4697.31		0	0	134	27
2026.05.12	21:55:17.700	1778622917700	4697.01	4697.29		0	0	134	28
2026.05.12	21:55:17.703	1778622917703	4697.00	4697.28		0	0	134	28
2026.05.12	21:55:17.707	1778622917707	4696.98	4697.26		0	0	134	28
2026.05.12	21:55:17.707	1778622917707	4696.99	4697.27		0	0	134	28
2026.05.12	21:55:17.709	1778622917709	4696.95	4697.23		0	0	134	28
2026.05.12	21:55:17.714	1778622917714	4696.94	4697.22		0	0	134	28
2026.05.12	21:55:17.718	1778622917718	4696.95	4697.23		0	0	134	28
2026.05.12	21:55:17.723	1778622917723	4696.77	4697.05		0	0	134	28
2026.05.12	21:55:17.723	1778622917723	4696.87	4697.15		0	0	134	28
2026.05.12	21:55:17.724	1778622917724	4696.67	4696.95		0	0	134	28
2026.05.12	21:55:17.750	1778622917750	4696.73	4697.01		0	0	134	28
2026.05.12	21:55:17.751	1778622917751	4696.77	4697.03		0	0	134	26
2026.05.12	21:55:17.869	1778622917869	4696.79	4697.07		0	0	134	28
2026.05.12	21:55:17.987	1778622917987	4696.81	4697.09		0	0	134	28
2026.05.12	21:55:18.224	1778622918224	4696.78	4697.06		0	0	134	28
2026.05.12	21:55:18.395	1778622918395	4696.79	4697.07		0	0	134	28
2026.05.12	21:55:18.461	1778622918461	4696.81	4697.08		0	0	134	27
2026.05.12	21:55:18.578	1778622918578	4696.82	4697.10		0	0	134	28
2026.05.12	21:55:18.697	1778622918697	4696.77	4697.05		0	0	134	28
2026.05.12	21:55:18.815	1778622918815	4696.82	4697.10		0	0	134	28
2026.05.12	21:55:18.934	1778622918934	4696.81	4697.09		0	0	134	28
2026.05.12	21:55:19.170	1778622919170	4696.70	4696.98		0	0	134	28
2026.05.12	21:55:19.289	1778622919289	4696.67	4696.95		0	0	134	28
2026.05.12	21:55:19.405	1778622919405	4696.65	4696.93		0	0	134	28
2026.05.12	21:55:19.525	1778622919525	4696.62	4696.90		0	0	134	28
2026.05.12	21:55:19.644	1778622919644	4696.61	4696.88		0	0	134	27
2026.05.12	21:55:19.762	1778622919762	4696.58	4696.86		0	0	134	28
2026.05.12	21:55:20.115	1778622920115	4696.60	4696.86		0	0	130	26
2026.05.12	21:55:20.235	1778622920235	4696.68	4696.96		0	0	134	28
2026.05.12	21:55:20.708	1778622920708	4696.54	4696.82		0	0	134	28
2026.05.12	21:55:20.827	1778622920827	4696.56	4696.84		0	0	134	28
2026.05.12	21:55:21.062	1778622921062	4696.57	4696.85		0	0	134	28
2026.05.12	21:55:21.361	1778622921361	4696.27	4696.60		0	0	134	33
2026.05.12	21:55:21.365	1778622921365	4696.26	4696.61		0	0	134	35
2026.05.12	21:55:21.370	1778622921370	4696.30	4696.62		0	0	134	32
2026.05.12	21:55:21.396	1778622921396	4696.29	4696.61		0	0	134	32
2026.05.12	21:55:21.401	1778622921401	4696.39	4696.67		0	0	134	28
2026.05.12	21:55:21.410	1778622921410	4696.45	4696.73		0	0	134	28
2026.05.12	21:55:21.411	1778622921411	4696.47	4696.75		0	0	134	28
2026.05.12	21:55:21.418	1778622921418	4696.46	4696.74		0	0	134	28
2026.05.12	21:55:21.654	1778622921654	4696.45	4696.73		0	0	134	28
2026.05.12	21:55:21.773	1778622921773	4696.39	4696.66		0	0	134	27
2026.05.12	21:55:22.011	1778622922011	4696.36	4696.64		0	0	134	28
2026.05.12	21:55:22.246	1778622922246	4696.40	4696.68		0	0	134	28
2026.05.12	21:55:22.482	1778622922482	4696.43	4696.71		0	0	134	28
2026.05.12	21:55:22.719	1778622922719	4696.42	4696.70		0	0	134	28
2026.05.12	21:55:22.955	1778622922955	4696.40	4696.68		0	0	134	28
2026.05.12	21:55:23.192	1778622923192	4696.39	4696.67		0	0	134	28
2026.05.12	21:55:23.547	1778622923547	4696.35	4696.63		0	0	134	28
2026.05.12	21:55:24.138	1778622924138	4696.36	4696.64		0	0	134	28
2026.05.12	21:55:24.376	1778622924376	4696.40	4696.68		0	0	134	28
2026.05.12	21:55:24.687	1778622924687	4696.12	4696.42		0	0	134	30
2026.05.12	21:55:24.689	1778622924689	4695.94	4696.25		0	0	134	31
2026.05.12	21:55:24.690	1778622924690	4695.94	4696.24		0	0	4	30
2026.05.12	21:55:24.691	1778622924691	4695.93	4696.21		0	0	134	28
2026.05.12	21:55:24.691	1778622924691	4695.94	4696.23		0	0	4	29
2026.05.12	21:55:24.694	1778622924694	4695.90	4696.18		0	0	134	28
2026.05.12	21:55:24.699	1778622924699	4695.91	4696.19		0	0	134	28
2026.05.12	21:55:24.700	1778622924700	4695.93	4696.21		0	0	134	28
2026.05.12	21:55:24.701	1778622924701	4695.94	4696.23		0	0	134	29
2026.05.12	21:55:24.716	1778622924716	4695.94	4696.25		0	0	4	31
2026.05.12	21:55:24.731	1778622924731	4696.00	4696.31		0	0	134	31
2026.05.12	21:55:24.849	1778622924849	4696.00	4696.27		0	0	4	27
2026.05.12	21:55:24.969	1778622924969	4696.05	4696.33		0	0	134	28
2026.05.12	21:55:25.087	1778622925087	4696.12	4696.40		0	0	134	28
2026.05.12	21:55:25.204	1778622925204	4696.14	4696.42		0	0	134	28
2026.05.12	21:55:25.322	1778622925322	4696.16	4696.44		0	0	134	28
2026.05.12	21:55:25.676	1778622925676	4696.17	4696.45		0	0	134	28
2026.05.12	21:55:25.794	1778622925794	4696.24	4696.52		0	0	134	28
2026.05.12	21:55:26.268	1778622926268	4696.14	4696.42		0	0	134	28
2026.05.12	21:55:26.741	1778622926741	4696.13	4696.41		0	0	134	28
2026.05.12	21:55:27.215	1778622927215	4696.16	4696.41		0	0	130	25
2026.05.12	21:55:27.332	1778622927332	4696.06	4696.34		0	0	134	28
2026.05.12	21:55:27.451	1778622927451	4696.12	4696.40		0	0	134	28
2026.05.12	21:55:27.806	1778622927806	4696.10	4696.38		0	0	134	28
2026.05.12	21:55:27.924	1778622927924	4696.11	4696.39		0	0	134	28
2026.05.12	21:55:28.043	1778622928043	4696.07	4696.33		0	0	134	26
2026.05.12	21:55:28.161	1778622928161	4696.10	4696.38		0	0	134	28
2026.05.12	21:55:28.279	1778622928279	4695.99	4696.27		0	0	134	28
2026.05.12	21:55:28.516	1778622928516	4695.95	4696.23		0	0	134	28
2026.05.12	21:55:28.870	1778622928870	4695.99	4696.27		0	0	134	28
2026.05.12	21:55:29.110	1778622929110	4695.97	4696.25		0	0	134	28
2026.05.12	21:55:29.228	1778622929228	4696.01	4696.29		0	0	134	28
2026.05.12	21:55:29.463	1778622929463	4696.02	4696.30		0	0	134	28
2026.05.12	21:55:29.582	1778622929582	4696.01	4696.29		0	0	134	28
2026.05.12	21:55:29.817	1778622929817	4696.07	4696.35		0	0	134	28
2026.05.12	21:55:29.866	1778622929866	4695.79	4696.09		0	0	134	30
2026.05.12	21:55:29.867	1778622929867	4695.72	4696.03		0	0	134	31
2026.05.12	21:55:29.887	1778622929887	4695.71	4696.01		0	0	134	30
2026.05.12	21:55:29.913	1778622929913	4695.83	4696.11		0	0	134	28
2026.05.12	21:55:29.913	1778622929913	4695.85	4696.12		0	0	134	27
2026.05.12	21:55:29.936	1778622929936	4695.86	4696.14		0	0	134	28
2026.05.12	21:55:30.175	1778622930175	4696.07	4696.35		0	0	134	28
2026.05.12	21:55:30.291	1778622930291	4696.11	4696.38		0	0	134	27
2026.05.12	21:55:30.411	1778622930411	4696.18	4696.46		0	0	134	28
2026.05.12	21:55:30.527	1778622930527	4696.45	4696.73		0	0	134	28
2026.05.12	21:55:30.646	1778622930646	4696.54	4696.82		0	0	134	28
2026.05.12	21:55:30.763	1778622930763	4696.40	4696.68		0	0	134	28
2026.05.12	21:55:31.000	1778622931000	4696.39	4696.67		0	0	134	28
2026.05.12	21:55:31.238	1778622931238	4696.43	4696.71		0	0	134	28
2026.05.12	21:55:31.356	1778622931356	4696.44	4696.72		0	0	134	28
2026.05.12	21:55:31.473	1778622931473	4696.36	4696.64		0	0	134	28
2026.05.12	21:55:31.710	1778622931710	4696.33	4696.61		0	0	134	28
2026.05.12	21:55:31.829	1778622931829	4696.32	4696.60		0	0	134	28
2026.05.12	21:55:32.182	1778622932182	4696.37	4696.65		0	0	134	28
2026.05.12	21:55:32.302	1778622932302	4696.44	4696.72		0	0	134	28
2026.05.12	21:55:32.420	1778622932420	4696.33	4696.61		0	0	134	28
2026.05.12	21:55:32.539	1778622932539	4696.32	4696.60		0	0	134	28
2026.05.12	21:55:32.657	1778622932657	4696.31	4696.59		0	0	134	28
2026.05.12	21:55:32.777	1778622932777	4696.36	4696.63		0	0	134	27
2026.05.12	21:55:32.893	1778622932893	4696.39	4696.67		0	0	134	28
2026.05.12	21:55:33.131	1778622933131	4696.45	4696.73		0	0	134	28
2026.05.12	21:55:33.249	1778622933249	4696.44	4696.72		0	0	134	28
2026.05.12	21:55:33.370	1778622933370	4696.64	4696.92		0	0	134	28
2026.05.12	21:55:33.489	1778622933489	4696.59	4696.87		0	0	134	28
2026.05.12	21:55:33.724	1778622933724	4696.61	4696.89		0	0	134	28
2026.05.12	21:55:33.959	1778622933959	4696.58	4696.86		0	0	134	28
2026.05.12	21:55:34.198	1778622934198	4696.64	4696.92		0	0	134	28
2026.05.12	21:55:34.316	1778622934316	4696.68	4696.96		0	0	134	28
2026.05.12	21:55:34.434	1778622934434	4696.70	4696.98		0	0	134	28
2026.05.12	21:55:34.551	1778622934551	4696.70	4696.96		0	0	4	26
2026.05.12	21:55:34.670	1778622934670	4696.68	4696.96		0	0	130	28
2026.05.12	21:55:35.097	1778622935097	4696.41	4696.69		0	0	134	28
2026.05.12	21:55:35.105	1778622935105	4696.36	4696.64		0	0	134	28
2026.05.12	21:55:35.106	1778622935106	4696.32	4696.60		0	0	134	28
2026.05.12	21:55:35.106	1778622935106	4696.36	4696.64		0	0	134	28
2026.05.12	21:55:35.109	1778622935109	4696.29	4696.57		0	0	134	28
2026.05.12	21:55:35.109	1778622935109	4696.31	4696.59		0	0	134	28
2026.05.12	21:55:35.112	1778622935112	4696.28	4696.56		0	0	134	28
2026.05.12	21:55:35.143	1778622935143	4696.26	4696.54		0	0	134	28
2026.05.12	21:55:35.143	1778622935143	4696.30	4696.58		0	0	134	28
2026.05.12	21:55:35.261	1778622935261	4696.29	4696.57		0	0	134	28
2026.05.12	21:55:35.496	1778622935496	4696.28	4696.56		0	0	134	28
2026.05.12	21:55:35.852	1778622935852	4696.21	4696.49		0	0	134	28
2026.05.12	21:55:35.969	1778622935969	4696.18	4696.46		0	0	134	28
2026.05.12	21:55:36.089	1778622936089	4696.19	4696.47		0	0	134	28
2026.05.12	21:55:36.207	1778622936207	4696.29	4696.57		0	0	134	28
2026.05.12	21:55:36.325	1778622936325	4696.28	4696.56		0	0	134	28
2026.05.12	21:55:36.562	1778622936562	4696.29	4696.57		0	0	134	28
2026.05.12	21:55:36.680	1778622936680	4696.30	4696.58		0	0	134	28
2026.05.12	21:55:37.272	1778622937272	4696.34	4696.62		0	0	134	28
2026.05.12	21:55:37.507	1778622937507	4696.38	4696.66		0	0	134	28
2026.05.12	21:55:37.627	1778622937627	4696.41	4696.69		0	0	134	28
2026.05.12	21:55:37.746	1778622937746	4696.29	4696.57		0	0	134	28
2026.05.12	21:55:37.865	1778622937865	4696.33	4696.61		0	0	134	28
2026.05.12	21:55:38.099	1778622938099	4696.32	4696.60		0	0	134	28
2026.05.12	21:55:38.336	1778622938336	4696.37	4696.65		0	0	134	28
2026.05.12	21:55:38.454	1778622938454	4696.28	4696.56		0	0	134	28
2026.05.12	21:55:38.743	1778622938743	4696.36	4696.64		0	0	134	28
2026.05.12	21:55:38.926	1778622938926	4696.29	4696.57		0	0	134	28
2026.05.12	21:55:39.047	1778622939047	4696.26	4696.54		0	0	134	28
2026.05.12	21:55:39.165	1778622939165	4696.32	4696.60		0	0	134	28
2026.05.12	21:55:39.282	1778622939282	4696.34	4696.62		0	0	134	28
2026.05.12	21:55:39.639	1778622939639	4696.19	4696.46		0	0	134	27
2026.05.12	21:55:39.757	1778622939757	4696.12	4696.40		0	0	134	28
2026.05.12	21:55:39.874	1778622939874	4696.11	4696.39		0	0	134	28
2026.05.12	21:55:39.992	1778622939992	4696.09	4696.37		0	0	134	28
2026.05.12	21:55:40.112	1778622940112	4696.23	4696.51		0	0	134	28
2026.05.12	21:55:40.230	1778622940230	4696.16	4696.44		0	0	134	28
2026.05.12	21:55:40.346	1778622940346	4696.20	4696.48		0	0	134	28
2026.05.12	21:55:40.703	1778622940703	4696.42	4696.70		0	0	134	28
2026.05.12	21:55:40.820	1778622940820	4696.44	4696.72		0	0	134	28
2026.05.12	21:55:41.294	1778622941294	4696.41	4696.69		0	0	134	28
2026.05.12	21:55:41.411	1778622941411	4696.50	4696.78		0	0	134	28
2026.05.12	21:55:41.532	1778622941532	4696.52	4696.80		0	0	134	28
2026.05.12	21:55:41.650	1778622941650	4696.43	4696.71		0	0	134	28
2026.05.12	21:55:41.766	1778622941766	4696.44	4696.72		0	0	134	28
2026.05.12	21:55:41.885	1778622941885	4696.42	4696.70		0	0	134	28
2026.05.12	21:55:42.476	1778622942476	4696.40	4696.68		0	0	134	28
2026.05.12	21:55:42.712	1778622942712	4696.41	4696.69		0	0	134	28
2026.05.12	21:55:42.831	1778622942831	4696.27	4696.55		0	0	134	28
2026.05.12	21:55:42.949	1778622942949	4696.29	4696.57		0	0	134	28
2026.05.12	21:55:43.305	1778622943305	4696.33	4696.61		0	0	134	28
2026.05.12	21:55:43.422	1778622943422	4696.34	4696.62		0	0	134	28
2026.05.12	21:55:43.543	1778622943543	4696.35	4696.63		0	0	134	28
2026.05.12	21:55:43.660	1778622943660	4696.39	4696.64		0	0	134	25
2026.05.12	21:55:43.896	1778622943896	4696.37	4696.65		0	0	134	28
2026.05.12	21:55:44.132	1778622944132	4696.36	4696.64		0	0	134	28
2026.05.12	21:55:44.250	1778622944250	4696.34	4696.62		0	0	134	28
2026.05.12	21:55:44.369	1778622944369	4696.26	4696.54		0	0	134	28
2026.05.12	21:55:44.486	1778622944486	4696.30	4696.58		0	0	134	28
2026.05.12	21:55:44.606	1778622944606	4696.21	4696.49		0	0	134	28
2026.05.12	21:55:44.842	1778622944842	4696.16	4696.44		0	0	134	28
2026.05.12	21:55:45.199	1778622945199	4696.11	4696.39		0	0	134	28
2026.05.12	21:55:45.315	1778622945315	4696.18	4696.46		0	0	134	28
2026.05.12	21:55:45.433	1778622945433	4696.20	4696.48		0	0	134	28
2026.05.12	21:55:45.789	1778622945789	4696.22	4696.50		0	0	134	28
2026.05.12	21:55:46.143	1778622946143	4696.24	4696.52		0	0	134	28
2026.05.12	21:55:46.261	1778622946261	4696.26	4696.52		0	0	130	26
2026.05.12	21:55:46.735	1778622946735	4696.30	4696.58		0	0	134	28
2026.05.12	21:55:46.854	1778622946854	4696.27	4696.55		0	0	134	28
2026.05.12	21:55:47.091	1778622947091	4696.28	4696.56		0	0	134	28
2026.05.12	21:55:47.208	1778622947208	4696.27	4696.55		0	0	134	28
2026.05.12	21:55:47.445	1778622947445	4696.26	4696.54		0	0	134	28
2026.05.12	21:55:47.684	1778622947684	4696.48	4696.74		0	0	134	26
2026.05.12	21:55:47.719	1778622947719	4696.51	4696.79		0	0	134	28
2026.05.12	21:55:47.722	1778622947722	4696.56	4696.82		0	0	134	26
2026.05.12	21:55:47.729	1778622947729	4696.54	4696.82		0	0	130	28
2026.05.12	21:55:47.757	1778622947757	4696.60	4696.88		0	0	134	28
2026.05.12	21:55:47.769	1778622947769	4696.54	4696.82		0	0	134	28
2026.05.12	21:55:47.800	1778622947800	4696.45	4696.73		0	0	134	28
2026.05.12	21:55:47.920	1778622947920	4696.54	4696.82		0	0	134	28
2026.05.12	21:55:48.392	1778622948392	4696.49	4696.77		0	0	134	28
2026.05.12	21:55:48.628	1778622948628	4696.51	4696.79		0	0	134	28
2026.05.12	21:55:48.746	1778622948746	4696.49	4696.77		0	0	134	28
2026.05.12	21:55:48.984	1778622948984	4696.44	4696.72		0	0	134	28
2026.05.12	21:55:49.337	1778622949337	4696.48	4696.76		0	0	134	28
2026.05.12	21:55:49.457	1778622949457	4696.37	4696.65		0	0	134	28
2026.05.12	21:55:49.577	1778622949577	4696.38	4696.66		0	0	134	28
2026.05.12	21:55:49.930	1778622949930	4696.37	4696.65		0	0	134	28
2026.05.12	21:55:50.639	1778622950639	4696.36	4696.63		0	0	134	27
2026.05.12	21:55:50.757	1778622950757	4696.34	4696.61		0	0	134	27
2026.05.12	21:55:51.112	1778622951112	4696.35	4696.63		0	0	134	28
2026.05.12	21:55:51.230	1778622951230	4696.36	4696.64		0	0	134	28
2026.05.12	21:55:51.350	1778622951350	4696.37	4696.65		0	0	134	28
2026.05.12	21:55:51.586	1778622951586	4696.40	4696.68		0	0	134	28
2026.05.12	21:55:51.750	1778622951750	4696.58	4696.86		0	0	134	28
2026.05.12	21:55:51.757	1778622951757	4696.61	4696.89		0	0	134	28
2026.05.12	21:55:51.767	1778622951767	4696.62	4696.90		0	0	134	28
2026.05.12	21:55:51.774	1778622951774	4696.67	4696.95		0	0	134	28
2026.05.12	21:55:51.785	1778622951785	4696.68	4696.96		0	0	134	28
2026.05.12	21:55:51.786	1778622951786	4696.69	4696.97		0	0	134	28
2026.05.12	21:55:51.791	1778622951791	4696.71	4696.99		0	0	134	28
2026.05.12	21:55:51.813	1778622951813	4696.72	4697.00		0	0	134	28
2026.05.12	21:55:51.827	1778622951827	4696.88	4697.16		0	0	134	28
2026.05.12	21:55:51.943	1778622951943	4696.96	4697.24		0	0	134	28
2026.05.12	21:55:52.060	1778622952060	4697.06	4697.34		0	0	134	28
2026.05.12	21:55:52.180	1778622952180	4697.13	4697.40		0	0	134	27
2026.05.12	21:55:52.297	1778622952297	4697.14	4697.42		0	0	134	28
2026.05.12	21:55:52.414	1778622952414	4697.12	4697.40		0	0	134	28
2026.05.12	21:55:52.650	1778622952650	4697.05	4697.33		0	0	134	28
2026.05.12	21:55:52.769	1778622952769	4697.06	4697.34		0	0	134	28
2026.05.12	21:55:52.887	1778622952887	4697.08	4697.36		0	0	134	28
2026.05.12	21:55:53.124	1778622953124	4697.12	4697.40		0	0	134	28
2026.05.12	21:55:53.245	1778622953245	4697.10	4697.38		0	0	134	28
2026.05.12	21:55:53.598	1778622953598	4697.12	4697.40		0	0	134	28
2026.05.12	21:55:53.719	1778622953719	4697.22	4697.50		0	0	134	28
2026.05.12	21:55:53.835	1778622953835	4697.20	4697.48		0	0	134	28
2026.05.12	21:55:54.072	1778622954072	4697.16	4697.44		0	0	134	28
2026.05.12	21:55:54.190	1778622954190	4697.14	4697.41		0	0	134	27
2026.05.12	21:55:54.308	1778622954308	4697.16	4697.44		0	0	134	28
2026.05.12	21:55:54.544	1778622954544	4697.15	4697.43		0	0	134	28
2026.05.12	21:55:54.899	1778622954899	4697.08	4697.35		0	0	134	27
2026.05.12	21:55:55.254	1778622955254	4697.15	4697.43		0	0	134	28
2026.05.12	21:55:55.371	1778622955371	4697.08	4697.36		0	0	134	28
2026.05.12	21:55:55.490	1778622955490	4697.09	4697.37		0	0	134	28
2026.05.12	21:55:55.727	1778622955727	4696.92	4697.20		0	0	134	28
2026.05.12	21:55:55.964	1778622955964	4696.93	4697.21		0	0	134	28
2026.05.12	21:55:56.319	1778622956319	4696.97	4697.25		0	0	134	28
2026.05.12	21:55:56.674	1778622956674	4696.99	4697.27		0	0	134	28
2026.05.12	21:55:56.910	1778622956910	4696.98	4697.26		0	0	134	28
2026.05.12	21:55:57.384	1778622957384	4696.96	4697.24		0	0	134	28
2026.05.12	21:55:57.620	1778622957620	4696.97	4697.25		0	0	134	28
2026.05.12	21:55:57.856	1778622957856	4697.01	4697.29		0	0	134	28
2026.05.12	21:55:58.449	1778622958449	4697.00	4697.28		0	0	134	28
2026.05.12	21:55:58.684	1778622958684	4696.99	4697.27		0	0	134	28
2026.05.12	21:55:58.923	1778622958923	4697.04	4697.32		0	0	134	28
2026.05.12	21:55:59.007	1778622959007	4696.86	4697.14		0	0	134	28
2026.05.12	21:55:59.008	1778622959008	4696.85	4697.13		0	0	134	28
2026.05.12	21:55:59.009	1778622959009	4696.84	4697.12		0	0	134	28
2026.05.12	21:55:59.030	1778622959030	4696.86	4697.12		0	0	130	26
2026.05.12	21:55:59.040	1778622959040	4696.90	4697.18		0	0	134	28
2026.05.12	21:55:59.159	1778622959159	4696.93	4697.20		0	0	134	27
2026.05.12	21:55:59.513	1778622959513	4696.91	4697.19		0	0	134	28
2026.05.12	21:55:59.986	1778622959986	4697.00	4697.28		0	0	134	28
2026.05.12	21:56:00.106	1778622960106	4697.01	4697.29		0	0	134	28
2026.05.12	21:56:00.224	1778622960224	4696.94	4697.22		0	0	134	28
2026.05.12	21:56:00.343	1778622960343	4696.92	4697.20		0	0	134	28
2026.05.12	21:56:00.697	1778622960697	4696.76	4697.04		0	0	134	28
2026.05.12	21:56:00.708	1778622960708	4696.45	4696.73		0	0	134	28
2026.05.12	21:56:00.708	1778622960708	4696.49	4696.77		0	0	134	28
2026.05.12	21:56:00.709	1778622960709	4696.39	4696.67		0	0	134	28
2026.05.12	21:56:00.709	1778622960709	4696.42	4696.70		0	0	134	28
2026.05.12	21:56:00.709	1778622960709	4696.44	4696.72		0	0	134	28
2026.05.12	21:56:00.711	1778622960711	4696.36	4696.64		0	0	134	28
2026.05.12	21:56:00.712	1778622960712	4696.35	4696.63		0	0	134	28
2026.05.12	21:56:00.714	1778622960714	4696.32	4696.60		0	0	134	28
2026.05.12	21:56:00.719	1778622960719	4696.31	4696.59		0	0	134	28
2026.05.12	21:56:00.720	1778622960720	4696.24	4696.56		0	0	134	32
2026.05.12	21:56:00.725	1778622960725	4696.25	4696.58		0	0	134	33
2026.05.12	21:56:00.733	1778622960733	4696.25	4696.57		0	0	4	32
2026.05.12	21:56:00.737	1778622960737	4696.25	4696.58		0	0	4	33
2026.05.12	21:56:00.745	1778622960745	4696.33	4696.61		0	0	134	28
2026.05.12	21:56:00.750	1778622960750	4696.34	4696.62		0	0	134	28
2026.05.12	21:56:00.762	1778622960762	4696.37	4696.65		0	0	134	28
2026.05.12	21:56:00.789	1778622960789	4696.33	4696.61		0	0	134	28
2026.05.12	21:56:00.792	1778622960792	4696.39	4696.67		0	0	134	28
2026.05.12	21:56:00.798	1778622960798	4696.33	4696.61		0	0	134	28
2026.05.12	21:56:00.799	1778622960799	4696.35	4696.63		0	0	134	28
2026.05.12	21:56:00.801	1778622960801	4696.37	4696.65		0	0	134	28
2026.05.12	21:56:00.803	1778622960803	4696.36	4696.64		0	0	134	28
2026.05.12	21:56:00.803	1778622960803	4696.38	4696.66		0	0	134	28
2026.05.12	21:56:00.934	1778622960934	4696.44	4696.72		0	0	134	28
2026.05.12	21:56:01.029	1778622961029	4696.26	4696.54		0	0	134	28
2026.05.12	21:56:01.052	1778622961052	4696.29	4696.57		0	0	134	28
2026.05.12	21:56:01.170	1778622961170	4696.31	4696.59		0	0	134	28
2026.05.12	21:56:01.287	1778622961287	4696.39	4696.67		0	0	134	28
2026.05.12	21:56:01.407	1778622961407	4696.32	4696.60		0	0	134	28
2026.05.12	21:56:01.532	1778622961532	4696.30	4696.58		0	0	134	28
2026.05.12	21:56:01.569	1778622961569	4696.28	4696.56		0	0	134	28
2026.05.12	21:56:01.762	1778622961762	4696.31	4696.59		0	0	134	28
2026.05.12	21:56:01.880	1778622961880	4696.26	4696.54		0	0	134	28
2026.05.12	21:56:01.997	1778622961997	4696.25	4696.53		0	0	134	28
2026.05.12	21:56:02.235	1778622962235	4696.29	4696.57		0	0	134	28
2026.05.12	21:56:02.470	1778622962470	4696.26	4696.54		0	0	134	28
2026.05.12	21:56:02.589	1778622962589	4696.34	4696.62		0	0	134	28
2026.05.12	21:56:02.706	1778622962706	4696.35	4696.63		0	0	134	28
2026.05.12	21:56:02.826	1778622962826	4696.34	4696.62		0	0	134	28
2026.05.12	21:56:03.181	1778622963181	4696.32	4696.60		0	0	134	28
2026.05.12	21:56:03.300	1778622963300	4696.39	4696.67		0	0	134	28
2026.05.12	21:56:03.536	1778622963536	4696.42	4696.70		0	0	134	28
2026.05.12	21:56:03.891	1778622963891	4696.45	4696.71		0	0	134	26
2026.05.12	21:56:04.128	1778622964128	4696.42	4696.70		0	0	134	28
2026.05.12	21:56:04.601	1778622964601	4696.35	4696.61		0	0	134	26
2026.05.12	21:56:04.719	1778622964719	4696.37	4696.65		0	0	134	28
2026.05.12	21:56:04.954	1778622964954	4696.38	4696.66		0	0	134	28
2026.05.12	21:56:05.193	1778622965193	4696.37	4696.65		0	0	134	28
2026.05.12	21:56:05.311	1778622965311	4696.43	4696.71		0	0	134	28
2026.05.12	21:56:05.431	1778622965431	4696.44	4696.72		0	0	134	28
2026.05.12	21:56:05.783	1778622965783	4696.47	4696.75		0	0	134	28
2026.05.12	21:56:06.246	1778622966246	4696.46	4696.74		0	0	134	28
2026.05.12	21:56:06.247	1778622966247	4696.43	4696.71		0	0	134	28
2026.05.12	21:56:06.730	1778622966730	4696.40	4696.68		0	0	134	28
2026.05.12	21:56:07.320	1778622967320	4696.48	4696.76		0	0	134	28
2026.05.12	21:56:07.557	1778622967557	4696.47	4696.75		0	0	134	28
2026.05.12	21:56:07.795	1778622967795	4696.48	4696.76		0	0	134	28
2026.05.12	21:56:07.914	1778622967914	4696.56	4696.84		0	0	134	28
2026.05.12	21:56:08.268	1778622968268	4696.49	4696.77		0	0	134	28
2026.05.12	21:56:08.741	1778622968741	4696.50	4696.78		0	0	134	28
2026.05.12	21:56:08.861	1778622968861	4696.54	4696.82		0	0	134	28
2026.05.12	21:56:08.977	1778622968977	4696.39	4696.67		0	0	134	28
2026.05.12	21:56:09.095	1778622969095	4696.48	4696.76		0	0	134	28
2026.05.12	21:56:09.568	1778622969568	4696.53	4696.80		0	0	134	27
2026.05.12	21:56:10.042	1778622970042	4696.50	4696.78		0	0	134	28
2026.05.12	21:56:10.279	1778622970279	4696.51	4696.79		0	0	134	28
2026.05.12	21:56:10.516	1778622970516	4696.50	4696.78		0	0	134	28
2026.05.12	21:56:10.987	1778622970987	4696.42	4696.70		0	0	134	28
2026.05.12	21:56:11.226	1778622971226	4696.43	4696.71		0	0	134	28
2026.05.12	21:56:11.343	1778622971343	4696.41	4696.69		0	0	134	28
2026.05.12	21:56:11.816	1778622971816	4696.42	4696.70		0	0	134	28
2026.05.12	21:56:11.935	1778622971935	4696.58	4696.86		0	0	134	28
2026.05.12	21:56:12.054	1778622972054	4696.49	4696.76		0	0	134	27
2026.05.12	21:56:12.171	1778622972171	4696.51	4696.79		0	0	134	28
2026.05.12	21:56:12.408	1778622972408	4696.56	4696.84		0	0	134	28
2026.05.12	21:56:12.645	1778622972645	4696.54	4696.82		0	0	134	28
2026.05.12	21:56:13.119	1778622973119	4696.57	4696.83		0	0	134	26
2026.05.12	21:56:13.473	1778622973473	4696.58	4696.84		0	0	134	26
2026.05.12	21:56:13.710	1778622973710	4696.57	4696.85		0	0	134	28
2026.05.12	21:56:13.828	1778622973828	4696.65	4696.93		0	0	134	28
2026.05.12	21:56:13.946	1778622973946	4696.66	4696.94		0	0	134	28
2026.05.12	21:56:14.182	1778622974182	4696.65	4696.93		0	0	134	28
2026.05.12	21:56:14.301	1778622974301	4696.57	4696.85		0	0	134	28
2026.05.12	21:56:14.775	1778622974775	4696.60	4696.88		0	0	134	28
2026.05.12	21:56:15.129	1778622975129	4696.58	4696.86		0	0	134	28
2026.05.12	21:56:15.367	1778622975367	4696.57	4696.85		0	0	134	28
2026.05.12	21:56:16.033	1778622976033	4696.61	4696.89		0	0	134	28
2026.05.12	21:56:16.148	1778622976148	4696.60	4696.88		0	0	134	28
2026.05.12	21:56:16.193	1778622976193	4696.57	4696.85		0	0	134	28
2026.05.12	21:56:16.312	1778622976312	4696.56	4696.84		0	0	134	28
2026.05.12	21:56:16.430	1778622976430	4696.51	4696.79		0	0	134	28
2026.05.12	21:56:16.548	1778622976548	4696.54	4696.82		0	0	134	28
2026.05.12	21:56:17.021	1778622977021	4696.77	4697.05		0	0	134	28
2026.05.12	21:56:17.139	1778622977139	4696.87	4697.15		0	0	134	28
2026.05.12	21:56:17.376	1778622977376	4696.85	4697.13		0	0	134	28
2026.05.12	21:56:17.495	1778622977495	4696.90	4697.18		0	0	134	28
2026.05.12	21:56:17.613	1778622977613	4697.04	4697.31		0	0	134	27
2026.05.12	21:56:17.799	1778622977799	4696.80	4697.08		0	0	134	28
2026.05.12	21:56:17.799	1778622977799	4696.81	4697.09		0	0	134	28
2026.05.12	21:56:17.801	1778622977801	4696.85	4697.13		0	0	134	28
2026.05.12	21:56:17.808	1778622977808	4696.80	4697.08		0	0	134	28
2026.05.12	21:56:17.811	1778622977811	4696.79	4697.07		0	0	134	28
2026.05.12	21:56:17.827	1778622977827	4696.78	4697.06		0	0	134	28
2026.05.12	21:56:17.849	1778622977849	4696.82	4697.10		0	0	134	28
2026.05.12	21:56:17.969	1778622977969	4696.77	4697.05		0	0	134	28
2026.05.12	21:56:18.087	1778622978087	4696.73	4697.01		0	0	134	28
2026.05.12	21:56:18.323	1778622978323	4696.76	4697.04		0	0	134	28
2026.05.12	21:56:18.441	1778622978441	4696.73	4697.01		0	0	134	28
2026.05.12	21:56:18.559	1778622978559	4696.71	4696.99		0	0	134	28
2026.05.12	21:56:18.915	1778622978915	4696.73	4697.01		0	0	134	28
2026.05.12	21:56:19.033	1778622979033	4696.75	4697.03		0	0	134	28
2026.05.12	21:56:19.151	1778622979151	4696.79	4697.07		0	0	134	28
2026.05.12	21:56:19.198	1778622979198	4696.67	4696.97		0	0	134	30
2026.05.12	21:56:19.208	1778622979208	4696.67	4696.96		0	0	4	29
2026.05.12	21:56:19.208	1778622979208	4696.68	4697.00		0	0	134	32
2026.05.12	21:56:19.221	1778622979221	4696.68	4696.99		0	0	4	31
2026.05.12	21:56:19.238	1778622979238	4696.73	4697.01		0	0	134	28
2026.05.12	21:56:19.270	1778622979270	4696.77	4697.04		0	0	134	27
2026.05.12	21:56:19.388	1778622979388	4696.83	4697.09		0	0	134	26
2026.05.12	21:56:19.624	1778622979624	4696.90	4697.18		0	0	134	28
2026.05.12	21:56:19.862	1778622979862	4696.90	4697.17		0	0	4	27
2026.05.12	21:56:20.335	1778622980335	4696.90	4697.18		0	0	4	28
2026.05.12	21:56:20.810	1778622980810	4696.87	4697.15		0	0	134	28
2026.05.12	21:56:21.017	1778622981017	4696.72	4697.00		0	0	134	28
2026.05.12	21:56:21.034	1778622981034	4696.73	4697.01		0	0	134	28
2026.05.12	21:56:21.044	1778622981044	4696.75	4697.03		0	0	134	28
2026.05.12	21:56:21.164	1778622981164	4696.83	4697.11		0	0	134	28
2026.05.12	21:56:21.282	1778622981282	4696.82	4697.10		0	0	134	28
2026.05.12	21:56:21.754	1778622981754	4696.84	4697.12		0	0	134	28
2026.05.12	21:56:21.872	1778622981872	4696.78	4697.06		0	0	134	28
2026.05.12	21:56:21.990	1778622981990	4696.71	4696.99		0	0	134	28
2026.05.12	21:56:22.227	1778622982227	4696.65	4696.91		0	0	134	26
2026.05.12	21:56:22.346	1778622982346	4696.63	4696.91		0	0	130	28
2026.05.12	21:56:22.463	1778622982463	4696.66	4696.94		0	0	134	28
2026.05.12	21:56:22.700	1778622982700	4696.64	4696.92		0	0	134	28
2026.05.12	21:56:22.818	1778622982818	4696.59	4696.87		0	0	134	28
2026.05.12	21:56:22.936	1778622982936	4696.57	4696.85		0	0	134	28
2026.05.12	21:56:23.055	1778622983055	4696.63	4696.91		0	0	134	28
2026.05.12	21:56:23.174	1778622983174	4696.61	4696.89		0	0	134	28
2026.05.12	21:56:23.291	1778622983291	4696.68	4696.96		0	0	134	28
2026.05.12	21:56:23.410	1778622983410	4696.67	4696.95		0	0	134	28
2026.05.12	21:56:23.528	1778622983528	4696.71	4696.99		0	0	134	28
2026.05.12	21:56:23.749	1778622983749	4696.69	4696.96		0	0	134	27
2026.05.12	21:56:23.765	1778622983765	4696.73	4697.01		0	0	134	28
2026.05.12	21:56:23.883	1778622983883	4696.75	4697.01		0	0	130	26
2026.05.12	21:56:24.120	1778622984120	4696.79	4697.07		0	0	134	28
2026.05.12	21:56:24.357	1778622984357	4696.76	4697.04		0	0	134	28
2026.05.12	21:56:24.830	1778622984830	4696.78	4697.06		0	0	134	28
2026.05.12	21:56:25.066	1778622985066	4696.81	4697.09		0	0	134	28
2026.05.12	21:56:25.306	1778622985306	4696.78	4697.06		0	0	134	28
2026.05.12	21:56:25.541	1778622985541	4696.76	4697.04		0	0	134	28
2026.05.12	21:56:25.894	1778622985894	4696.77	4697.05		0	0	134	28
2026.05.12	21:56:26.249	1778622986249	4696.76	4697.04		0	0	134	28
2026.05.12	21:56:26.487	1778622986487	4696.77	4697.05		0	0	134	28
2026.05.12	21:56:26.605	1778622986605	4696.79	4697.07		0	0	134	28
2026.05.12	21:56:26.723	1778622986723	4696.77	4697.05		0	0	134	28
2026.05.12	21:56:26.959	1778622986959	4696.78	4697.06		0	0	134	28
2026.05.12	21:56:27.196	1778622987196	4696.77	4697.05		0	0	134	28
2026.05.12	21:56:27.314	1778622987314	4696.78	4697.06		0	0	134	28
2026.05.12	21:56:27.551	1778622987551	4696.79	4697.07		0	0	134	28
2026.05.12	21:56:28.261	1778622988261	4696.81	4697.09		0	0	134	28
2026.05.12	21:56:28.496	1778622988496	4696.82	4697.10		0	0	134	28
2026.05.12	21:56:28.615	1778622988615	4696.81	4697.09		0	0	134	28
2026.05.12	21:56:29.445	1778622989445	4696.75	4697.03		0	0	134	28
2026.05.12	21:56:29.564	1778622989564	4696.76	4697.04		0	0	134	28
2026.05.12	21:56:29.799	1778622989799	4696.78	4697.06		0	0	134	28
2026.05.12	21:56:30.272	1778622990272	4696.79	4697.07		0	0	134	28
2026.05.12	21:56:30.425	1778622990425	4696.50	4696.82		0	0	134	32
2026.05.12	21:56:30.427	1778622990427	4696.39	4696.71		0	0	134	32
2026.05.12	21:56:30.429	1778622990429	4696.44	4696.73		0	0	134	29
2026.05.12	21:56:30.430	1778622990430	4696.42	4696.70		0	0	134	28
2026.05.12	21:56:30.430	1778622990430	4696.43	4696.71		0	0	134	28
2026.05.12	21:56:30.434	1778622990434	4696.38	4696.68		0	0	134	30
2026.05.12	21:56:30.441	1778622990441	4696.37	4696.66		0	0	134	29
2026.05.12	21:56:30.477	1778622990477	4696.37	4696.65		0	0	4	28
2026.05.12	21:56:30.490	1778622990490	4696.43	4696.71		0	0	134	28
2026.05.12	21:56:30.511	1778622990511	4696.44	4696.72		0	0	134	28
2026.05.12	21:56:30.513	1778622990513	4696.48	4696.76		0	0	134	28
2026.05.12	21:56:30.630	1778622990630	4696.54	4696.82		0	0	134	28
2026.05.12	21:56:30.745	1778622990745	4696.55	4696.83		0	0	134	28
2026.05.12	21:56:30.982	1778622990982	4696.54	4696.82		0	0	134	28
2026.05.12	21:56:31.339	1778622991339	4696.51	4696.79		0	0	134	28
2026.05.12	21:56:31.691	1778622991691	4696.50	4696.78		0	0	134	28
2026.05.12	21:56:31.928	1778622991928	4696.51	4696.79		0	0	134	28
2026.05.12	21:56:32.165	1778622992165	4696.73	4697.01		0	0	134	28
2026.05.12	21:56:32.283	1778622992283	4696.74	4697.02		0	0	134	28
2026.05.12	21:56:32.402	1778622992402	4696.74	4697.03		0	0	4	29
2026.05.12	21:56:32.638	1778622992638	4696.77	4697.05		0	0	134	28
2026.05.12	21:56:32.992	1778622992992	4696.73	4697.01		0	0	134	28
2026.05.12	21:56:33.585	1778622993585	4696.77	4697.05		0	0	134	28
2026.05.12	21:56:33.702	1778622993702	4696.86	4697.14		0	0	134	28
2026.05.12	21:56:34.059	1778622994059	4696.90	4697.18		0	0	134	28
2026.05.12	21:56:34.179	1778622994179	4696.88	4697.16		0	0	134	28
2026.05.12	21:56:34.297	1778622994297	4696.91	4697.19		0	0	134	28
2026.05.12	21:56:34.531	1778622994531	4696.94	4697.22		0	0	134	28
2026.05.12	21:56:35.123	1778622995123	4696.91	4697.19		0	0	134	28
2026.05.12	21:56:35.241	1778622995241	4696.93	4697.21		0	0	134	28
2026.05.12	21:56:35.596	1778622995596	4696.95	4697.22		0	0	134	27
2026.05.12	21:56:35.832	1778622995832	4696.97	4697.23		0	0	134	26
2026.05.12	21:56:36.070	1778622996070	4697.00	4697.28		0	0	134	28
2026.05.12	21:56:36.660	1778622996660	4697.02	4697.30		0	0	134	28
2026.05.12	21:56:36.778	1778622996778	4697.00	4697.28		0	0	134	28
2026.05.12	21:56:37.015	1778622997015	4697.06	4697.34		0	0	134	28
2026.05.12	21:56:37.371	1778622997371	4697.04	4697.32		0	0	134	28
2026.05.12	21:56:37.456	1778622997456	4696.77	4697.05		0	0	134	28
2026.05.12	21:56:37.456	1778622997456	4696.81	4697.09		0	0	134	28
2026.05.12	21:56:37.489	1778622997489	4696.86	4697.14		0	0	134	28
2026.05.12	21:56:37.725	1778622997725	4696.84	4697.12		0	0	134	28
2026.05.12	21:56:38.318	1778622998318	4696.85	4697.13		0	0	134	28
2026.05.12	21:56:39.028	1778622999028	4696.89	4697.17		0	0	134	28
2026.05.12	21:56:39.382	1778622999382	4696.75	4697.03		0	0	134	28
2026.05.12	21:56:39.499	1778622999499	4696.78	4697.06		0	0	134	28
2026.05.12	21:56:39.736	1778622999736	4696.77	4697.05		0	0	134	28
2026.05.12	21:56:40.684	1778623000684	4696.60	4696.88		0	0	134	28
2026.05.12	21:56:40.810	1778623000810	4696.36	4696.66		0	0	134	30
2026.05.12	21:56:40.813	1778623000813	4696.34	4696.62		0	0	134	28
2026.05.12	21:56:40.816	1778623000816	4696.29	4696.61		0	0	134	32
2026.05.12	21:56:40.816	1778623000816	4696.30	4696.62		0	0	134	32
2026.05.12	21:56:40.826	1778623000826	4696.29	4696.61		0	0	134	32
2026.05.12	21:56:40.827	1778623000827	4696.28	4696.59		0	0	134	31
2026.05.12	21:56:40.829	1778623000829	4696.29	4696.61		0	0	134	32
2026.05.12	21:56:40.863	1778623000863	4696.38	4696.66		0	0	134	28
2026.05.12	21:56:40.863	1778623000863	4696.39	4696.67		0	0	134	28
2026.05.12	21:56:40.866	1778623000866	4696.44	4696.71		0	0	134	27
2026.05.12	21:56:40.866	1778623000866	4696.45	4696.73		0	0	134	28
2026.05.12	21:56:40.868	1778623000868	4696.46	4696.73		0	0	130	27
2026.05.12	21:56:40.899	1778623000899	4696.47	4696.75		0	0	134	28
2026.05.12	21:56:40.914	1778623000914	4696.46	4696.74		0	0	134	28
2026.05.12	21:56:40.921	1778623000921	4696.53	4696.81		0	0	134	28
2026.05.12	21:56:40.960	1778623000960	4696.41	4696.69		0	0	134	28
2026.05.12	21:56:41.031	1778623001031	4696.42	4696.70		0	0	134	28
2026.05.12	21:56:41.031	1778623001031	4696.44	4696.72		0	0	134	28
2026.05.12	21:56:41.032	1778623001032	4696.40	4696.68		0	0	134	28
2026.05.12	21:56:41.032	1778623001032	4696.41	4696.69		0	0	134	28
2026.05.12	21:56:41.033	1778623001033	4696.40	4696.68		0	0	134	28
2026.05.12	21:56:41.037	1778623001037	4696.48	4696.76		0	0	134	28
2026.05.12	21:56:41.247	1778623001247	4696.39	4696.67		0	0	134	28
2026.05.12	21:56:41.248	1778623001248	4696.41	4696.69		0	0	134	28
2026.05.12	21:56:41.277	1778623001277	4696.44	4696.72		0	0	134	28
2026.05.12	21:56:41.393	1778623001393	4696.46	4696.72		0	0	130	26
2026.05.12	21:56:41.629	1778623001629	4696.46	4696.74		0	0	4	28
2026.05.12	21:56:42.102	1778623002102	4696.45	4696.73		0	0	134	28
2026.05.12	21:56:42.575	1778623002575	4696.44	4696.72		0	0	134	28
2026.05.12	21:56:43.049	1778623003049	4696.45	4696.73		0	0	134	28
2026.05.12	21:56:43.405	1778623003405	4696.46	4696.74		0	0	134	28
2026.05.12	21:56:43.758	1778623003758	4696.45	4696.73		0	0	134	28
2026.05.12	21:56:43.995	1778623003995	4696.41	4696.69		0	0	134	28
2026.05.12	21:56:44.113	1778623004113	4696.44	4696.72		0	0	134	28
2026.05.12	21:56:44.585	1778623004585	4696.43	4696.71		0	0	134	28
2026.05.12	21:56:45.061	1778623005061	4696.44	4696.72		0	0	134	28
2026.05.12	21:56:45.297	1778623005297	4696.41	4696.69		0	0	134	28
2026.05.12	21:56:45.888	1778623005888	4696.40	4696.68		0	0	134	28
2026.05.12	21:56:46.124	1778623006124	4696.41	4696.69		0	0	134	28
2026.05.12	21:56:46.243	1778623006243	4696.46	4696.74		0	0	134	28
2026.05.12	21:56:46.598	1778623006598	4696.49	4696.75		0	0	134	26
2026.05.12	21:56:46.691	1778623006691	4696.35	4696.63		0	0	134	28
2026.05.12	21:56:46.715	1778623006715	4696.32	4696.60		0	0	134	28
2026.05.12	21:56:46.834	1778623006834	4696.33	4696.61		0	0	134	28
2026.05.12	21:56:47.373	1778623007373	4696.41	4696.68		0	0	134	27
2026.05.12	21:56:47.425	1778623007425	4696.37	4696.64		0	0	134	27
2026.05.12	21:56:47.664	1778623007664	4696.38	4696.65		0	0	134	27
2026.05.12	21:56:48.017	1778623008017	4696.39	4696.67		0	0	134	28
2026.05.12	21:56:48.254	1778623008254	4696.41	4696.69		0	0	134	28
2026.05.12	21:56:48.374	1778623008374	4696.52	4696.80		0	0	134	28
2026.05.12	21:56:48.491	1778623008491	4696.54	4696.82		0	0	134	28
2026.05.12	21:56:48.608	1778623008608	4696.56	4696.84		0	0	134	28
2026.05.12	21:56:48.727	1778623008727	4696.57	4696.85		0	0	134	28
2026.05.12	21:56:49.200	1778623009200	4696.56	4696.84		0	0	134	28
2026.05.12	21:56:49.438	1778623009438	4696.54	4696.82		0	0	134	28
2026.05.12	21:56:49.912	1778623009912	4696.58	4696.86		0	0	134	28
2026.05.12	21:56:50.267	1778623010267	4696.57	4696.85		0	0	134	28
2026.05.12	21:56:50.504	1778623010504	4696.59	4696.87		0	0	134	28
2026.05.12	21:56:50.740	1778623010740	4696.54	4696.82		0	0	134	28
2026.05.12	21:56:50.859	1778623010859	4696.48	4696.76		0	0	134	28
2026.05.12	21:56:50.973	1778623010973	4696.38	4696.66		0	0	134	28
2026.05.12	21:56:50.973	1778623010973	4696.39	4696.67		0	0	134	28
2026.05.12	21:56:50.976	1778623010976	4696.48	4696.76		0	0	134	28
2026.05.12	21:56:51.330	1778623011330	4696.49	4696.77		0	0	134	28
2026.05.12	21:56:51.568	1778623011568	4696.50	4696.78		0	0	134	28
2026.05.12	21:56:51.685	1778623011685	4696.48	4696.76		0	0	134	28
2026.05.12	21:56:51.803	1778623011803	4696.50	4696.78		0	0	134	28
2026.05.12	21:56:51.923	1778623011923	4696.49	4696.77		0	0	134	28
2026.05.12	21:56:52.041	1778623012041	4696.51	4696.79		0	0	134	28
2026.05.12	21:56:52.395	1778623012395	4696.53	4696.81		0	0	134	28
2026.05.12	21:56:52.754	1778623012754	4696.50	4696.78		0	0	134	28
2026.05.12	21:56:52.870	1778623012870	4696.49	4696.77		0	0	134	28
2026.05.12	21:56:52.989	1778623012989	4696.57	4696.85		0	0	134	28
2026.05.12	21:56:53.343	1778623013343	4696.59	4696.87		0	0	134	28
2026.05.12	21:56:53.460	1778623013460	4696.61	4696.89		0	0	134	28
2026.05.12	21:56:53.744	1778623013744	4696.61	4696.87		0	0	4	26
2026.05.12	21:56:54.526	1778623014526	4696.61	4696.89		0	0	4	28
2026.05.12	21:56:54.881	1778623014881	4696.62	4696.90		0	0	134	28
2026.05.12	21:56:55.000	1778623015000	4696.74	4697.02		0	0	134	28
2026.05.12	21:56:55.471	1778623015471	4696.76	4697.04		0	0	134	28
2026.05.12	21:56:55.944	1778623015944	4696.77	4697.05		0	0	134	28
2026.05.12	21:56:56.181	1778623016181	4696.76	4697.04		0	0	134	28
2026.05.12	21:56:56.653	1778623016653	4696.90	4697.18		0	0	134	28
2026.05.12	21:56:57.011	1778623017011	4697.09	4697.37		0	0	134	28
2026.05.12	21:56:57.127	1778623017127	4697.08	4697.36		0	0	134	28
2026.05.12	21:56:57.248	1778623017248	4697.12	4697.40		0	0	134	28
2026.05.12	21:56:57.367	1778623017367	4697.11	4697.39		0	0	134	28
2026.05.12	21:56:57.482	1778623017482	4697.02	4697.29		0	0	134	27
2026.05.12	21:56:57.602	1778623017602	4697.15	4697.43		0	0	134	28
2026.05.12	21:56:57.720	1778623017720	4697.11	4697.39		0	0	134	28
2026.05.12	21:56:57.837	1778623017837	4697.12	4697.40		0	0	134	28
2026.05.12	21:56:58.074	1778623018074	4697.11	4697.39		0	0	134	28
2026.05.12	21:56:58.196	1778623018196	4697.06	4697.31		0	0	134	25
2026.05.12	21:56:58.312	1778623018312	4697.03	4697.31		0	0	130	28
2026.05.12	21:56:58.512	1778623018512	4697.22	4697.53		0	0	134	31
2026.05.12	21:56:58.516	1778623018516	4697.26	4697.56		0	0	134	30
2026.05.12	21:56:58.519	1778623018519	4697.28	4697.56		0	0	130	28
2026.05.12	21:56:58.520	1778623018520	4697.27	4697.55		0	0	134	28
2026.05.12	21:56:58.544	1778623018544	4697.18	4697.49		0	0	134	31
2026.05.12	21:56:58.544	1778623018544	4697.19	4697.52		0	0	134	33
2026.05.12	21:56:58.548	1778623018548	4697.31	4697.62		0	0	134	31
2026.05.12	21:56:58.665	1778623018665	4697.27	4697.55		0	0	134	28
2026.05.12	21:56:58.784	1778623018784	4697.39	4697.67		0	0	134	28
2026.05.12	21:56:59.021	1778623019021	4697.40	4697.67		0	0	130	27
2026.05.12	21:56:59.141	1778623019141	4697.43	4697.69		0	0	134	26
2026.05.12	21:56:59.260	1778623019260	4697.36	4697.64		0	0	134	28
2026.05.12	21:56:59.378	1778623019378	4697.43	4697.71		0	0	134	28
2026.05.12	21:56:59.495	1778623019495	4697.45	4697.73		0	0	134	28
2026.05.12	21:56:59.731	1778623019731	4697.43	4697.71		0	0	134	28
2026.05.12	21:56:59.849	1778623019849	4697.42	4697.70		0	0	134	28
2026.05.12	21:57:00.203	1778623020203	4697.33	4697.61		0	0	134	28
2026.05.12	21:57:00.323	1778623020323	4697.37	4697.65		0	0	134	28
2026.05.12	21:57:00.560	1778623020560	4697.39	4697.67		0	0	134	28
2026.05.12	21:57:01.011	1778623021011	4697.08	4697.43		0	0	134	35
2026.05.12	21:57:01.012	1778623021012	4697.00	4697.34		0	0	134	34
2026.05.12	21:57:01.017	1778623021017	4696.99	4697.31		0	0	4	32
2026.05.12	21:57:01.017	1778623021017	4696.99	4697.32		0	0	134	33
2026.05.12	21:57:01.018	1778623021018	4696.98	4697.28		0	0	4	30
2026.05.12	21:57:01.018	1778623021018	4696.98	4697.29		0	0	134	31
2026.05.12	21:57:01.026	1778623021026	4696.97	4697.26		0	0	134	29
2026.05.12	21:57:01.031	1778623021031	4697.16	4697.44		0	0	134	28
2026.05.12	21:57:01.149	1778623021149	4697.21	4697.49		0	0	134	28
2026.05.12	21:57:01.269	1778623021269	4697.26	4697.54		0	0	134	28
2026.05.12	21:57:01.860	1778623021860	4697.25	4697.53		0	0	134	28
2026.05.12	21:57:01.978	1778623021978	4697.21	4697.49		0	0	134	28
2026.05.12	21:57:02.096	1778623022096	4697.24	4697.52		0	0	134	28
2026.05.12	21:57:02.216	1778623022216	4697.26	4697.54		0	0	134	28
2026.05.12	21:57:02.451	1778623022451	4697.27	4697.55		0	0	134	28
2026.05.12	21:57:02.570	1778623022570	4697.28	4697.56		0	0	134	28
2026.05.12	21:57:02.688	1778623022688	4697.29	4697.57		0	0	134	28
2026.05.12	21:57:03.147	1778623023147	4697.49	4697.77		0	0	134	28
2026.05.12	21:57:03.156	1778623023156	4697.51	4697.79		0	0	134	28
2026.05.12	21:57:03.164	1778623023164	4697.58	4697.86		0	0	134	28
2026.05.12	21:57:03.283	1778623023283	4697.68	4697.96		0	0	134	28
2026.05.12	21:57:03.400	1778623023400	4697.69	4697.97		0	0	134	28
2026.05.12	21:57:03.518	1778623023518	4697.68	4697.96		0	0	134	28
2026.05.12	21:57:03.754	1778623023754	4697.71	4697.99		0	0	134	28
2026.05.12	21:57:04.227	1778623024227	4697.58	4697.86		0	0	134	28
2026.05.12	21:57:04.346	1778623024346	4697.57	4697.85		0	0	134	28
2026.05.12	21:57:04.581	1778623024581	4697.49	4697.75		0	0	134	26
2026.05.12	21:57:04.819	1778623024819	4697.41	4697.69		0	0	134	28
2026.05.12	21:57:04.937	1778623024937	4697.35	4697.63		0	0	134	28
2026.05.12	21:57:05.054	1778623025054	4697.31	4697.57		0	0	134	26
2026.05.12	21:57:05.292	1778623025292	4697.44	4697.72		0	0	134	28
2026.05.12	21:57:05.411	1778623025411	4697.51	4697.79		0	0	134	28
2026.05.12	21:57:05.528	1778623025528	4697.52	4697.80		0	0	134	28
2026.05.12	21:57:05.882	1778623025882	4697.46	4697.74		0	0	134	28
2026.05.12	21:57:06.000	1778623026000	4697.47	4697.75		0	0	134	28
2026.05.12	21:57:06.238	1778623026238	4697.44	4697.70		0	0	134	26
2026.05.12	21:57:06.475	1778623026475	4697.36	4697.64		0	0	134	28
2026.05.12	21:57:06.712	1778623026712	4697.37	4697.65		0	0	134	28
2026.05.12	21:57:06.947	1778623026947	4697.58	4697.86		0	0	134	28
2026.05.12	21:57:07.303	1778623027303	4697.61	4697.89		0	0	134	28
2026.05.12	21:57:07.421	1778623027421	4697.48	4697.76		0	0	134	28
2026.05.12	21:57:07.540	1778623027540	4697.47	4697.75		0	0	134	28
2026.05.12	21:57:07.893	1778623027893	4697.45	4697.73		0	0	134	28
2026.05.12	21:57:08.012	1778623028012	4697.44	4697.72		0	0	134	28
2026.05.12	21:57:08.109	1778623028109	4697.39	4697.67		0	0	134	28
2026.05.12	21:57:08.115	1778623028115	4697.37	4697.65		0	0	134	28
2026.05.12	21:57:08.116	1778623028116	4697.36	4697.64		0	0	134	28
2026.05.12	21:57:08.133	1778623028133	4697.41	4697.69		0	0	134	28
2026.05.12	21:57:08.252	1778623028252	4697.46	4697.74		0	0	134	28
2026.05.12	21:57:08.605	1778623028605	4697.50	4697.78		0	0	134	28
2026.05.12	21:57:08.959	1778623028959	4697.51	4697.79		0	0	134	28
2026.05.12	21:57:09.077	1778623029077	4697.50	4697.78		0	0	134	28
2026.05.12	21:57:09.197	1778623029197	4697.49	4697.77		0	0	134	28
2026.05.12	21:57:09.313	1778623029313	4697.58	4697.86		0	0	134	28
2026.05.12	21:57:09.433	1778623029433	4697.60	4697.88		0	0	134	28
2026.05.12	21:57:09.906	1778623029906	4697.59	4697.85		0	0	134	26
2026.05.12	21:57:10.025	1778623030025	4697.63	4697.91		0	0	134	28
2026.05.12	21:57:10.264	1778623030264	4697.64	4697.92		0	0	134	28
2026.05.12	21:57:10.380	1778623030380	4697.57	4697.85		0	0	134	28
2026.05.12	21:57:10.499	1778623030499	4697.53	4697.81		0	0	134	28
2026.05.12	21:57:10.734	1778623030734	4697.48	4697.76		0	0	134	28
2026.05.12	21:57:11.208	1778623031208	4697.51	4697.79		0	0	134	28
2026.05.12	21:57:11.325	1778623031325	4697.58	4697.86		0	0	134	28
2026.05.12	21:57:11.563	1778623031563	4697.51	4697.79		0	0	134	28
2026.05.12	21:57:11.681	1778623031681	4697.53	4697.81		0	0	134	28
2026.05.12	21:57:11.799	1778623031799	4697.51	4697.79		0	0	134	28
2026.05.12	21:57:11.918	1778623031918	4697.54	4697.82		0	0	134	28
2026.05.12	21:57:11.987	1778623031987	4697.52	4697.80		0	0	134	28
2026.05.12	21:57:12.035	1778623032035	4697.57	4697.85		0	0	134	28
2026.05.12	21:57:12.153	1778623032153	4697.58	4697.86		0	0	134	28
2026.05.12	21:57:12.271	1778623032271	4697.59	4697.87		0	0	134	28
2026.05.12	21:57:12.390	1778623032390	4697.68	4697.96		0	0	134	28
2026.05.12	21:57:12.598	1778623032598	4697.70	4697.98		0	0	134	28
2026.05.12	21:57:12.598	1778623032598	4697.71	4697.99		0	0	134	28
2026.05.12	21:57:12.612	1778623032612	4697.72	4697.99		0	0	130	27
2026.05.12	21:57:12.639	1778623032639	4697.69	4697.97		0	0	134	28
2026.05.12	21:57:12.743	1778623032743	4697.66	4697.94		0	0	134	28
2026.05.12	21:57:12.745	1778623032745	4697.65	4697.93		0	0	134	28
2026.05.12	21:57:13.074	1778623033074	4697.59	4697.87		0	0	134	28
2026.05.12	21:57:13.074	1778623033074	4697.61	4697.89		0	0	134	28
2026.05.12	21:57:13.075	1778623033075	4697.54	4697.82		0	0	134	28
2026.05.12	21:57:13.080	1778623033080	4697.48	4697.76		0	0	134	28
2026.05.12	21:57:13.087	1778623033087	4697.50	4697.78		0	0	134	28
2026.05.12	21:57:13.088	1778623033088	4697.51	4697.79		0	0	134	28
2026.05.12	21:57:13.101	1778623033101	4697.57	4697.85		0	0	134	28
2026.05.12	21:57:13.218	1778623033218	4697.64	4697.92		0	0	134	28
2026.05.12	21:57:13.337	1778623033337	4697.66	4697.94		0	0	134	28
2026.05.12	21:57:13.457	1778623033457	4697.71	4697.99		0	0	134	28
2026.05.12	21:57:13.574	1778623033574	4697.73	4698.01		0	0	134	28
2026.05.12	21:57:13.760	1778623033760	4697.51	4697.79		0	0	134	28
2026.05.12	21:57:13.781	1778623033781	4697.52	4697.80		0	0	134	28
2026.05.12	21:57:13.811	1778623033811	4697.48	4697.76		0	0	134	28
2026.05.12	21:57:13.930	1778623033930	4697.46	4697.74		0	0	134	28
2026.05.12	21:57:14.030	1778623034030	4697.45	4697.73		0	0	134	28
2026.05.12	21:57:14.045	1778623034045	4697.45	4697.70		0	0	4	25
2026.05.12	21:57:14.048	1778623034048	4697.40	4697.68		0	0	134	28
2026.05.12	21:57:14.403	1778623034403	4697.35	4697.63		0	0	134	28
2026.05.12	21:57:14.519	1778623034519	4697.28	4697.56		0	0	134	28
2026.05.12	21:57:14.638	1778623034638	4697.39	4697.67		0	0	134	28
2026.05.12	21:57:14.758	1778623034758	4697.45	4697.73		0	0	134	28
2026.05.12	21:57:15.065	1778623035065	4697.31	4697.59		0	0	134	28
2026.05.12	21:57:15.066	1778623035066	4697.31	4697.58		0	0	4	27
2026.05.12	21:57:15.077	1778623035077	4697.31	4697.59		0	0	4	28
2026.05.12	21:57:15.112	1778623035112	4697.24	4697.52		0	0	134	28
2026.05.12	21:57:15.230	1778623035230	4697.16	4697.44		0	0	134	28
2026.05.12	21:57:16.032	1778623036032	4697.15	4697.43		0	0	134	28
2026.05.12	21:57:16.057	1778623036057	4697.14	4697.42		0	0	134	28
2026.05.12	21:57:16.413	1778623036413	4697.16	4697.44		0	0	134	28
2026.05.12	21:57:16.493	1778623036493	4696.88	4697.18		0	0	134	30
2026.05.12	21:57:16.649	1778623036649	4696.99	4697.27		0	0	134	28
2026.05.12	21:57:16.768	1778623036768	4697.14	4697.42		0	0	134	28
2026.05.12	21:57:16.886	1778623036886	4697.16	4697.44		0	0	134	28
2026.05.12	21:57:17.004	1778623037004	4697.17	4697.45		0	0	134	28
2026.05.12	21:57:17.124	1778623037124	4697.18	4697.43		0	0	134	25
2026.05.12	21:57:17.244	1778623037244	4697.19	4697.45		0	0	134	26
2026.05.12	21:57:17.360	1778623037360	4697.16	4697.44		0	0	134	28
2026.05.12	21:57:17.598	1778623037598	4697.08	4697.36		0	0	134	28
2026.05.12	21:57:18.188	1778623038188	4697.16	4697.43		0	0	134	27
2026.05.12	21:57:18.306	1778623038306	4697.09	4697.37		0	0	134	28
2026.05.12	21:57:18.661	1778623038661	4697.12	4697.40		0	0	134	28
2026.05.12	21:57:19.136	1778623039136	4697.09	4697.37		0	0	134	28
2026.05.12	21:57:19.254	1778623039254	4697.08	4697.36		0	0	134	28
2026.05.12	21:57:19.490	1778623039490	4697.07	4697.35		0	0	134	28
2026.05.12	21:57:19.727	1778623039727	4696.99	4697.27		0	0	134	28
2026.05.12	21:57:19.845	1778623039845	4697.00	4697.28		0	0	134	28
2026.05.12	21:57:19.965	1778623039965	4696.93	4697.21		0	0	134	28
2026.05.12	21:57:20.081	1778623040081	4696.91	4697.19		0	0	134	28
2026.05.12	21:57:20.193	1778623040193	4696.83	4697.11		0	0	134	28
2026.05.12	21:57:20.201	1778623040201	4697.05	4697.32		0	0	134	27
2026.05.12	21:57:20.319	1778623040319	4697.09	4697.37		0	0	134	28
2026.05.12	21:57:20.674	1778623040674	4697.07	4697.35		0	0	134	28
2026.05.12	21:57:20.792	1778623040792	4697.06	4697.34		0	0	134	28
2026.05.12	21:57:21.146	1778623041146	4697.07	4697.35		0	0	134	28
2026.05.12	21:57:21.501	1778623041501	4697.10	4697.37		0	0	134	27
2026.05.12	21:57:21.855	1778623041855	4697.02	4697.30		0	0	134	28
2026.05.12	21:57:21.975	1778623041975	4697.06	4697.34		0	0	134	28
2026.05.12	21:57:22.032	1778623042032	4696.99	4697.27		0	0	134	28
2026.05.12	21:57:22.096	1778623042096	4697.04	4697.32		0	0	134	28
2026.05.12	21:57:22.243	1778623042243	4697.06	4697.34		0	0	134	28
2026.05.12	21:57:22.330	1778623042330	4697.03	4697.31		0	0	134	28
2026.05.12	21:57:22.448	1778623042448	4697.08	4697.36		0	0	134	28
2026.05.12	21:57:22.566	1778623042566	4697.18	4697.46		0	0	134	28
2026.05.12	21:57:23.038	1778623043038	4697.15	4697.43		0	0	134	28
2026.05.12	21:57:23.157	1778623043157	4697.14	4697.42		0	0	134	28
2026.05.12	21:57:23.395	1778623043395	4697.11	4697.39		0	0	134	28
2026.05.12	21:57:23.513	1778623043513	4697.09	4697.37		0	0	134	28
2026.05.12	21:57:23.633	1778623043633	4697.12	4697.37		0	0	130	25
2026.05.12	21:57:23.750	1778623043750	4697.09	4697.37		0	0	130	28
2026.05.12	21:57:24.216	1778623044216	4697.08	4697.36		0	0	134	28
2026.05.12	21:57:24.222	1778623044222	4697.07	4697.35		0	0	134	28
2026.05.12	21:57:24.577	1778623044577	4697.01	4697.29		0	0	134	28
2026.05.12	21:57:24.696	1778623044696	4697.02	4697.30		0	0	134	28
2026.05.12	21:57:24.814	1778623044814	4697.10	4697.38		0	0	134	28
2026.05.12	21:57:25.031	1778623045031	4697.17	4697.45		0	0	134	28
2026.05.12	21:57:25.050	1778623045050	4697.08	4697.36		0	0	134	28
2026.05.12	21:57:25.168	1778623045168	4697.07	4697.35		0	0	134	28
2026.05.12	21:57:25.289	1778623045289	4696.96	4697.24		0	0	134	28
2026.05.12	21:57:25.525	1778623045525	4697.04	4697.29		0	0	134	25
2026.05.12	21:57:25.643	1778623045643	4696.98	4697.26		0	0	134	28
2026.05.12	21:57:25.761	1778623045761	4697.02	4697.30		0	0	134	28
2026.05.12	21:57:26.115	1778623046115	4697.01	4697.29		0	0	134	28
2026.05.12	21:57:26.233	1778623046233	4696.98	4697.25		0	0	134	27
2026.05.12	21:57:26.589	1778623046589	4696.92	4697.20		0	0	134	28
2026.05.12	21:57:26.826	1778623046826	4696.90	4697.18		0	0	134	28
2026.05.12	21:57:27.062	1778623047062	4696.71	4696.99		0	0	134	28
2026.05.12	21:57:27.173	1778623047173	4696.44	4696.75		0	0	134	31
2026.05.12	21:57:27.177	1778623047177	4696.45	4696.75		0	0	130	30
2026.05.12	21:57:27.179	1778623047179	4696.45	4696.74		0	0	4	29
2026.05.12	21:57:27.181	1778623047181	4696.56	4696.85		0	0	134	29
2026.05.12	21:57:27.226	1778623047226	4696.32	4696.60		0	0	134	28
2026.05.12	21:57:27.241	1778623047241	4696.31	4696.59		0	0	134	28
2026.05.12	21:57:27.249	1778623047249	4696.32	4696.57		0	0	134	25
2026.05.12	21:57:27.299	1778623047299	4696.52	4696.80		0	0	134	28
2026.05.12	21:57:27.418	1778623047418	4696.43	4696.71		0	0	134	28
2026.05.12	21:57:27.539	1778623047539	4696.35	4696.63		0	0	134	28
2026.05.12	21:57:27.775	1778623047775	4696.23	4696.51		0	0	134	28
2026.05.12	21:57:27.822	1778623047822	4696.19	4696.48		0	0	134	29
2026.05.12	21:57:27.823	1778623047823	4696.22	4696.50		0	0	134	28
2026.05.12	21:57:27.825	1778623047825	4696.23	4696.51		0	0	134	28
2026.05.12	21:57:27.828	1778623047828	4696.24	4696.52		0	0	134	28
2026.05.12	21:57:27.846	1778623047846	4696.25	4696.53		0	0	134	28
2026.05.12	21:57:27.870	1778623047870	4696.24	4696.52		0	0	134	28
2026.05.12	21:57:27.872	1778623047872	4696.26	4696.54		0	0	134	28
2026.05.12	21:57:27.881	1778623047881	4696.27	4696.55		0	0	134	28
2026.05.12	21:57:27.884	1778623047884	4696.38	4696.66		0	0	134	28
2026.05.12	21:57:27.893	1778623047893	4696.24	4696.52		0	0	134	28
2026.05.12	21:57:28.011	1778623048011	4696.25	4696.53		0	0	134	28
2026.05.12	21:57:28.241	1778623048241	4696.47	4696.75		0	0	134	28
2026.05.12	21:57:28.245	1778623048245	4696.33	4696.61		0	0	134	28
2026.05.12	21:57:28.482	1778623048482	4696.32	4696.60		0	0	134	28
2026.05.12	21:57:28.600	1778623048600	4696.18	4696.46		0	0	134	28
2026.05.12	21:57:28.719	1778623048719	4696.28	4696.56		0	0	134	28
2026.05.12	21:57:28.837	1778623048837	4696.56	4696.84		0	0	134	28
2026.05.12	21:57:28.955	1778623048955	4696.47	4696.75		0	0	134	28
2026.05.12	21:57:29.194	1778623049194	4696.48	4696.76		0	0	134	28
2026.05.12	21:57:29.312	1778623049312	4696.58	4696.86		0	0	134	28
2026.05.12	21:57:29.428	1778623049428	4696.48	4696.76		0	0	134	28
2026.05.12	21:57:29.664	1778623049664	4696.38	4696.66		0	0	134	28
2026.05.12	21:57:29.784	1778623049784	4696.36	4696.63		0	0	134	27
2026.05.12	21:57:30.139	1778623050139	4696.41	4696.69		0	0	134	28
2026.05.12	21:57:30.260	1778623050260	4696.57	4696.85		0	0	134	28
2026.05.12	21:57:30.380	1778623050380	4696.59	4696.87		0	0	134	28
2026.05.12	21:57:30.495	1778623050495	4696.58	4696.86		0	0	134	28
2026.05.12	21:57:30.731	1778623050731	4696.59	4696.87		0	0	134	28
2026.05.12	21:57:30.848	1778623050848	4696.58	4696.86		0	0	134	28
2026.05.12	21:57:31.085	1778623051085	4696.57	4696.83		0	0	134	26
2026.05.12	21:57:31.323	1778623051323	4696.54	4696.81		0	0	134	27
2026.05.12	21:57:31.441	1778623051441	4696.49	4696.77		0	0	134	28
2026.05.12	21:57:31.676	1778623051676	4696.50	4696.78		0	0	134	28
2026.05.12	21:57:31.796	1778623051796	4696.45	4696.73		0	0	134	28
2026.05.12	21:57:31.913	1778623051913	4696.44	4696.72		0	0	134	28
2026.05.12	21:57:32.269	1778623052269	4696.42	4696.70		0	0	134	28
2026.05.12	21:57:32.386	1778623052386	4696.55	4696.83		0	0	134	28
2026.05.12	21:57:32.505	1778623052505	4696.73	4697.01		0	0	134	28
2026.05.12	21:57:32.626	1778623052626	4696.85	4697.10		0	0	134	25
2026.05.12	21:57:32.742	1778623052742	4696.86	4697.13		0	0	134	27
2026.05.12	21:57:32.978	1778623052978	4696.91	4697.19		0	0	134	28
2026.05.12	21:57:33.215	1778623053215	4696.98	4697.26		0	0	134	28
2026.05.12	21:57:33.332	1778623053332	4696.99	4697.27		0	0	134	28
2026.05.12	21:57:34.279	1778623054279	4696.98	4697.26		0	0	134	28
2026.05.12	21:57:35.003	1778623055003	4696.97	4697.23		0	0	134	26
2026.05.12	21:57:35.119	1778623055119	4696.91	4697.19		0	0	134	28
2026.05.12	21:57:35.237	1778623055237	4696.92	4697.20		0	0	134	28
2026.05.12	21:57:35.354	1778623055354	4696.91	4697.19		0	0	134	28
2026.05.12	21:57:35.490	1778623055490	4696.63	4696.92		0	0	134	29
2026.05.12	21:57:35.498	1778623055498	4696.55	4696.88		0	0	134	33
2026.05.12	21:57:35.499	1778623055499	4696.54	4696.85		0	0	134	31
2026.05.12	21:57:35.503	1778623055503	4696.53	4696.83		0	0	134	30
2026.05.12	21:57:35.513	1778623055513	4696.54	4696.85		0	0	134	31
2026.05.12	21:57:35.539	1778623055539	4696.56	4696.85		0	0	130	29
2026.05.12	21:57:35.551	1778623055551	4696.66	4696.94		0	0	134	28
2026.05.12	21:57:35.561	1778623055561	4696.70	4696.98		0	0	134	28
2026.05.12	21:57:35.562	1778623055562	4696.69	4696.97		0	0	134	28
2026.05.12	21:57:35.562	1778623055562	4696.71	4696.99		0	0	134	28
2026.05.12	21:57:35.587	1778623055587	4696.74	4697.02		0	0	134	28
2026.05.12	21:57:35.592	1778623055592	4696.72	4697.00		0	0	134	28
2026.05.12	21:57:35.710	1778623055710	4696.73	4697.01		0	0	134	28
2026.05.12	21:57:35.826	1778623055826	4696.74	4697.02		0	0	134	28
2026.05.12	21:57:36.064	1778623056064	4696.75	4697.03		0	0	134	28
2026.05.12	21:57:36.180	1778623056180	4696.73	4697.01		0	0	134	28
2026.05.12	21:57:36.300	1778623056300	4696.69	4696.96		0	0	134	27
2026.05.12	21:57:36.419	1778623056419	4696.65	4696.93		0	0	134	28
2026.05.12	21:57:36.632	1778623056632	4696.72	4696.98		0	0	134	26
2026.05.12	21:57:36.656	1778623056656	4696.69	4696.97		0	0	134	28
2026.05.12	21:57:36.774	1778623056774	4696.67	4696.95		0	0	134	28
2026.05.12	21:57:36.891	1778623056891	4696.69	4696.97		0	0	134	28
2026.05.12	21:57:37.010	1778623057010	4696.70	4696.98		0	0	134	28
2026.05.12	21:57:37.245	1778623057245	4696.66	4696.94		0	0	134	28
2026.05.12	21:57:37.484	1778623057484	4696.72	4697.00		0	0	134	28
2026.05.12	21:57:37.957	1778623057957	4696.74	4697.02		0	0	134	28
2026.05.12	21:57:38.194	1778623058194	4696.76	4697.04		0	0	134	28
2026.05.12	21:57:38.311	1778623058311	4696.79	4697.07		0	0	134	28
2026.05.12	21:57:38.423	1778623058423	4697.06	4697.34		0	0	134	28
2026.05.12	21:57:38.430	1778623058430	4697.00	4697.27		0	0	134	27
2026.05.12	21:57:38.541	1778623058541	4697.08	4697.36		0	0	134	28
2026.05.12	21:57:38.542	1778623058542	4697.12	4697.40		0	0	134	28
2026.05.12	21:57:38.549	1778623058549	4697.08	4697.36		0	0	134	28
2026.05.12	21:57:38.668	1778623058668	4697.04	4697.31		0	0	134	27
2026.05.12	21:57:38.784	1778623058784	4697.08	4697.35		0	0	134	27
2026.05.12	21:57:38.902	1778623058902	4697.11	4697.39		0	0	134	28
2026.05.12	21:57:39.139	1778623059139	4697.13	4697.41		0	0	134	28
2026.05.12	21:57:39.614	1778623059614	4697.14	4697.42		0	0	134	28
2026.05.12	21:57:39.730	1778623059730	4697.13	4697.41		0	0	134	28
2026.05.12	21:57:40.677	1778623060677	4697.12	4697.40		0	0	134	28
2026.05.12	21:57:40.795	1778623060795	4697.19	4697.47		0	0	134	28
2026.05.12	21:57:41.032	1778623061032	4697.17	4697.45		0	0	134	28
2026.05.12	21:57:41.152	1778623061152	4697.15	4697.43		0	0	134	28
2026.05.12	21:57:41.505	1778623061505	4697.14	4697.42		0	0	134	28
2026.05.12	21:57:41.623	1778623061623	4697.12	4697.40		0	0	134	28
2026.05.12	21:57:42.216	1778623062216	4697.13	4697.41		0	0	134	28
2026.05.12	21:57:42.689	1778623062689	4697.05	4697.33		0	0	134	28
2026.05.12	21:57:42.806	1778623062806	4696.92	4697.20		0	0	134	28
2026.05.12	21:57:42.924	1778623062924	4697.01	4697.29		0	0	134	28
2026.05.12	21:57:43.162	1778623063162	4696.96	4697.24		0	0	134	28
2026.05.12	21:57:43.279	1778623063279	4697.03	4697.31		0	0	134	28
2026.05.12	21:57:43.398	1778623063398	4697.06	4697.34		0	0	134	28
2026.05.12	21:57:43.517	1778623063517	4697.05	4697.33		0	0	134	28
2026.05.12	21:57:43.755	1778623063755	4697.01	4697.29		0	0	134	28
2026.05.12	21:57:43.989	1778623063989	4696.99	4697.27		0	0	134	28
2026.05.12	21:57:44.344	1778623064344	4697.00	4697.28		0	0	134	28
2026.05.12	21:57:44.463	1778623064463	4696.99	4697.24		0	0	134	25
2026.05.12	21:57:44.581	1778623064581	4696.99	4697.26		0	0	4	27
2026.05.12	21:57:44.782	1778623064782	4696.70	4697.00		0	0	134	30
2026.05.12	21:57:44.783	1778623064783	4696.58	4696.91		0	0	134	33
2026.05.12	21:57:44.789	1778623064789	4696.56	4696.87		0	0	134	31
2026.05.12	21:57:44.789	1778623064789	4696.57	4696.88		0	0	134	31
2026.05.12	21:57:44.790	1778623064790	4696.56	4696.86		0	0	4	30
2026.05.12	21:57:44.791	1778623064791	4696.56	4696.87		0	0	4	31
2026.05.12	21:57:44.818	1778623064818	4696.68	4696.99		0	0	134	31
2026.05.12	21:57:45.075	1778623065075	4696.73	4697.01		0	0	134	28
2026.05.12	21:57:45.173	1778623065173	4696.58	4696.86		0	0	134	28
2026.05.12	21:57:45.410	1778623065410	4696.60	4696.88		0	0	134	28
2026.05.12	21:57:45.527	1778623065527	4696.63	4696.90		0	0	134	27
2026.05.12	21:57:46.001	1778623066001	4696.57	4696.85		0	0	134	28
2026.05.12	21:57:46.120	1778623066120	4696.60	4696.88		0	0	134	28
2026.05.12	21:57:46.711	1778623066711	4696.65	4696.93		0	0	134	28
2026.05.12	21:57:46.947	1778623066947	4696.62	4696.90		0	0	134	28
2026.05.12	21:57:47.184	1778623067184	4696.64	4696.92		0	0	134	28
2026.05.12	21:57:47.422	1778623067422	4696.62	4696.90		0	0	134	28
2026.05.12	21:57:47.658	1778623067658	4696.64	4696.92		0	0	134	28
2026.05.12	21:57:47.894	1778623067894	4696.74	4697.02		0	0	134	28
2026.05.12	21:57:47.973	1778623067973	4696.51	4696.76		0	0	134	25
2026.05.12	21:57:48.014	1778623068014	4696.43	4696.71		0	0	134	28
2026.05.12	21:57:48.250	1778623068250	4696.38	4696.66		0	0	134	28
2026.05.12	21:57:48.485	1778623068485	4696.37	4696.65		0	0	134	28
2026.05.12	21:57:49.161	1778623069161	4696.64	4696.92		0	0	134	28
2026.05.12	21:57:49.164	1778623069164	4696.67	4696.95		0	0	134	28
2026.05.12	21:57:49.164	1778623069164	4696.68	4696.96		0	0	134	28
2026.05.12	21:57:49.165	1778623069165	4696.68	4696.94		0	0	4	26
2026.05.12	21:57:49.172	1778623069172	4696.68	4696.96		0	0	4	28
2026.05.12	21:57:49.174	1778623069174	4696.71	4697.00		0	0	134	29
2026.05.12	21:57:49.197	1778623069197	4696.72	4697.01		0	0	134	29
2026.05.12	21:57:49.314	1778623069314	4696.74	4697.02		0	0	134	28
2026.05.12	21:57:49.551	1778623069551	4696.69	4696.97		0	0	134	28
2026.05.12	21:57:49.668	1778623069668	4696.70	4696.98		0	0	134	28
2026.05.12	21:57:49.785	1778623069785	4696.81	4697.09		0	0	134	28
2026.05.12	21:57:49.905	1778623069905	4696.82	4697.10		0	0	134	28
2026.05.12	21:57:50.143	1778623070143	4696.81	4697.09		0	0	134	28
2026.05.12	21:57:50.262	1778623070262	4696.82	4697.10		0	0	134	28
2026.05.12	21:57:50.377	1778623070377	4696.85	4697.10		0	0	130	25
2026.05.12	21:57:50.615	1778623070615	4696.82	4697.10		0	0	130	28
2026.05.12	21:57:50.851	1778623070851	4696.78	4697.06		0	0	134	28
2026.05.12	21:57:51.087	1778623071087	4696.79	4697.07		0	0	134	28
2026.05.12	21:57:51.324	1778623071324	4696.81	4697.09		0	0	134	28
2026.05.12	21:57:51.917	1778623071917	4696.80	4697.06		0	0	134	26
2026.05.12	21:57:52.152	1778623072152	4696.81	4697.09		0	0	134	28
2026.05.12	21:57:52.389	1778623072389	4696.82	4697.10		0	0	134	28
2026.05.12	21:57:52.626	1778623072626	4696.80	4697.06		0	0	134	26
2026.05.12	21:57:52.744	1778623072744	4696.78	4697.06		0	0	130	28
2026.05.12	21:57:52.862	1778623072862	4696.79	4697.07		0	0	134	28
2026.05.12	21:57:53.101	1778623073101	4696.75	4697.03		0	0	134	28
2026.05.12	21:57:53.336	1778623073336	4696.73	4697.01		0	0	134	28
2026.05.12	21:57:53.455	1778623073455	4696.75	4697.01		0	0	130	26
2026.05.12	21:57:53.573	1778623073573	4696.75	4697.03		0	0	4	28
2026.05.12	21:57:53.929	1778623073929	4696.78	4697.06		0	0	134	28
2026.05.12	21:57:54.874	1778623074874	4696.76	4697.04		0	0	134	28
2026.05.12	21:57:55.227	1778623075227	4696.68	4696.96		0	0	134	28
2026.05.12	21:57:55.466	1778623075466	4696.71	4696.99		0	0	134	28
2026.05.12	21:57:55.583	1778623075583	4696.73	4697.01		0	0	134	28
2026.05.12	21:57:55.702	1778623075702	4696.74	4697.02		0	0	134	28
2026.05.12	21:57:56.057	1778623076057	4696.71	4696.99		0	0	134	28
2026.05.12	21:57:56.175	1778623076175	4696.73	4697.01		0	0	134	28
2026.05.12	21:57:56.293	1778623076293	4696.70	4696.98		0	0	134	28
2026.05.12	21:57:56.530	1778623076530	4696.69	4696.97		0	0	134	28
2026.05.12	21:57:56.648	1778623076648	4696.67	4696.95		0	0	134	28
2026.05.12	21:57:56.884	1778623076884	4696.69	4696.97		0	0	134	28
2026.05.12	21:57:57.003	1778623077003	4696.71	4696.99		0	0	134	28
2026.05.12	21:57:57.358	1778623077358	4696.73	4697.01		0	0	134	28
2026.05.12	21:57:57.713	1778623077713	4696.69	4696.97		0	0	134	28
2026.05.12	21:57:57.831	1778623077831	4696.76	4697.04		0	0	134	28
2026.05.12	21:57:57.950	1778623077950	4696.78	4697.06		0	0	134	28
2026.05.12	21:57:58.422	1778623078422	4696.84	4697.12		0	0	134	28
2026.05.12	21:57:59.133	1778623079133	4696.82	4697.10		0	0	134	28
2026.05.12	21:57:59.251	1778623079251	4696.79	4697.07		0	0	134	28
2026.05.12	21:57:59.605	1778623079605	4696.81	4697.09		0	0	134	28
2026.05.12	21:57:59.844	1778623079844	4696.74	4697.02		0	0	134	28
2026.05.12	21:58:00.197	1778623080197	4696.75	4697.03		0	0	134	28
2026.05.12	21:58:00.435	1778623080435	4696.74	4697.02		0	0	134	28
2026.05.12	21:58:00.671	1778623080671	4696.82	4697.10		0	0	134	28
2026.05.12	21:58:01.146	1778623081146	4696.86	4697.14		0	0	134	28
2026.05.12	21:58:01.263	1778623081263	4696.79	4697.07		0	0	134	28
2026.05.12	21:58:01.382	1778623081382	4696.90	4697.18		0	0	134	28
2026.05.12	21:58:01.428	1778623081428	4696.63	4696.91		0	0	134	28
2026.05.12	21:58:01.432	1778623081432	4696.40	4696.68		0	0	134	28
2026.05.12	21:58:01.432	1778623081432	4696.45	4696.73		0	0	134	28
2026.05.12	21:58:01.435	1778623081435	4696.46	4696.76		0	0	134	30
2026.05.12	21:58:01.447	1778623081447	4696.47	4696.78		0	0	134	31
2026.05.12	21:58:01.453	1778623081453	4696.45	4696.73		0	0	134	28
2026.05.12	21:58:01.453	1778623081453	4696.46	4696.74		0	0	134	28
2026.05.12	21:58:01.453	1778623081453	4696.48	4696.76		0	0	134	28
2026.05.12	21:58:01.459	1778623081459	4696.45	4696.74		0	0	4	29
2026.05.12	21:58:01.462	1778623081462	4696.46	4696.76		0	0	134	30
2026.05.12	21:58:01.464	1778623081464	4696.43	4696.75		0	0	134	32
2026.05.12	21:58:01.481	1778623081481	4696.43	4696.74		0	0	4	31
2026.05.12	21:58:01.482	1778623081482	4696.55	4696.83		0	0	134	28
2026.05.12	21:58:01.501	1778623081501	4696.62	4696.90		0	0	134	28
2026.05.12	21:58:01.620	1778623081620	4696.63	4696.91		0	0	134	28
2026.05.12	21:58:01.736	1778623081736	4696.64	4696.92		0	0	134	28
2026.05.12	21:58:01.855	1778623081855	4696.65	4696.93		0	0	134	28
2026.05.12	21:58:01.972	1778623081972	4696.78	4697.06		0	0	134	28
2026.05.12	21:58:02.093	1778623082093	4696.75	4697.03		0	0	134	28
2026.05.12	21:58:02.210	1778623082210	4696.78	4697.05		0	0	134	27
2026.05.12	21:58:02.446	1778623082446	4696.81	4697.09		0	0	134	28
2026.05.12	21:58:02.563	1778623082563	4696.79	4697.07		0	0	134	28
2026.05.12	21:58:02.686	1778623082686	4696.84	4697.12		0	0	134	28
2026.05.12	21:58:02.804	1778623082804	4696.83	4697.11		0	0	134	28
2026.05.12	21:58:03.157	1778623083157	4696.88	4697.16		0	0	134	28
2026.05.12	21:58:03.278	1778623083278	4696.86	4697.14		0	0	134	28
2026.05.12	21:58:03.395	1778623083395	4696.84	4697.12		0	0	134	28
2026.05.12	21:58:03.699	1778623083699	4696.85	4697.13		0	0	134	28
2026.05.12	21:58:03.748	1778623083748	4696.88	4697.16		0	0	134	28
2026.05.12	21:58:03.867	1778623083867	4696.88	4697.14		0	0	4	26
2026.05.12	21:58:04.104	1778623084104	4696.90	4697.18		0	0	134	28
2026.05.12	21:58:04.224	1778623084224	4696.84	4697.12		0	0	134	28
2026.05.12	21:58:04.268	1778623084268	4696.88	4697.16		0	0	134	28
2026.05.12	21:58:04.343	1778623084343	4696.85	4697.13		0	0	134	28
2026.05.12	21:58:04.812	1778623084812	4696.72	4696.99		0	0	134	27
2026.05.12	21:58:04.932	1778623084932	4696.78	4697.06		0	0	134	28
2026.05.12	21:58:05.045	1778623085045	4696.67	4696.95		0	0	134	28
2026.05.12	21:58:05.045	1778623085045	4696.68	4696.96		0	0	134	28
2026.05.12	21:58:05.049	1778623085049	4696.79	4697.07		0	0	134	28
2026.05.12	21:58:05.168	1778623085168	4696.82	4697.10		0	0	134	28
2026.05.12	21:58:05.286	1778623085286	4696.88	4697.16		0	0	134	28
2026.05.12	21:58:05.405	1778623085405	4696.90	4697.18		0	0	134	28
2026.05.12	21:58:05.523	1778623085523	4696.86	4697.14		0	0	134	28
2026.05.12	21:58:05.728	1778623085728	4696.95	4697.23		0	0	134	28
2026.05.12	21:58:05.729	1778623085729	4696.91	4697.17		0	0	4	26
2026.05.12	21:58:05.729	1778623085729	4696.91	4697.19		0	0	134	28
2026.05.12	21:58:05.732	1778623085732	4696.89	4697.17		0	0	130	28
2026.05.12	21:58:05.756	1778623085756	4696.87	4697.15		0	0	134	28
2026.05.12	21:58:05.759	1778623085759	4696.84	4697.12		0	0	134	28
2026.05.12	21:58:06.114	1778623086114	4696.83	4697.11		0	0	134	28
2026.05.12	21:58:06.232	1778623086232	4696.87	4697.15		0	0	134	28
2026.05.12	21:58:06.469	1778623086469	4696.83	4697.11		0	0	134	28
2026.05.12	21:58:06.706	1778623086706	4696.81	4697.09		0	0	134	28
2026.05.12	21:58:06.941	1778623086941	4696.73	4697.01		0	0	134	28
2026.05.12	21:58:07.059	1778623087059	4696.75	4697.03		0	0	134	28
2026.05.12	21:58:07.181	1778623087181	4696.91	4697.18		0	0	134	27
2026.05.12	21:58:07.297	1778623087297	4696.94	4697.22		0	0	134	28
2026.05.12	21:58:07.416	1778623087416	4697.02	4697.30		0	0	134	28
2026.05.12	21:58:07.655	1778623087655	4697.01	4697.29		0	0	134	28
2026.05.12	21:58:07.888	1778623087888	4697.03	4697.31		0	0	134	28
2026.05.12	21:58:08.242	1778623088242	4696.99	4697.27		0	0	134	28
2026.05.12	21:58:08.717	1778623088717	4696.97	4697.25		0	0	134	28
2026.05.12	21:58:08.834	1778623088834	4696.96	4697.24		0	0	134	28
2026.05.12	21:58:09.071	1778623089071	4696.99	4697.27		0	0	134	28
2026.05.12	21:58:09.191	1778623089191	4696.96	4697.24		0	0	134	28
2026.05.12	21:58:09.310	1778623089310	4696.99	4697.26		0	0	134	27
2026.05.12	21:58:09.428	1778623089428	4697.00	4697.28		0	0	134	28
2026.05.12	21:58:09.545	1778623089545	4696.99	4697.27		0	0	134	28
2026.05.12	21:58:09.726	1778623089726	4696.64	4696.91		0	0	134	27
2026.05.12	21:58:09.726	1778623089726	4696.67	4696.95		0	0	134	28
2026.05.12	21:58:09.726	1778623089726	4696.72	4697.00		0	0	134	28
2026.05.12	21:58:09.727	1778623089727	4696.61	4696.90		0	0	134	29
2026.05.12	21:58:09.731	1778623089731	4696.57	4696.88		0	0	134	31
2026.05.12	21:58:09.736	1778623089736	4696.57	4696.87		0	0	4	30
2026.05.12	21:58:09.776	1778623089776	4696.54	4696.87		0	0	130	33
2026.05.12	21:58:09.776	1778623089776	4696.63	4696.91		0	0	134	28
2026.05.12	21:58:09.777	1778623089777	4696.64	4696.92		0	0	134	28
2026.05.12	21:58:09.781	1778623089781	4696.78	4697.06		0	0	134	28
2026.05.12	21:58:09.899	1778623089899	4696.64	4696.92		0	0	134	28
2026.05.12	21:58:10.137	1778623090137	4696.72	4697.00		0	0	134	28
2026.05.12	21:58:10.256	1778623090256	4696.71	4696.99		0	0	134	28
2026.05.12	21:58:10.375	1778623090375	4696.72	4697.00		0	0	134	28
2026.05.12	21:58:10.609	1778623090609	4696.68	4696.96		0	0	134	28
2026.05.12	21:58:10.846	1778623090846	4696.69	4696.97		0	0	134	28
2026.05.12	21:58:10.964	1778623090964	4696.68	4696.96		0	0	134	28
2026.05.12	21:58:11.083	1778623091083	4696.79	4697.06		0	0	134	27
2026.05.12	21:58:11.202	1778623091202	4696.71	4696.99		0	0	134	28
2026.05.12	21:58:11.321	1778623091321	4696.62	4696.90		0	0	134	28
2026.05.12	21:58:11.440	1778623091440	4696.63	4696.91		0	0	134	28
2026.05.12	21:58:11.557	1778623091557	4696.62	4696.90		0	0	134	28
2026.05.12	21:58:11.674	1778623091674	4696.64	4696.92		0	0	134	28
2026.05.12	21:58:11.793	1778623091793	4696.72	4697.00		0	0	134	28
2026.05.12	21:58:12.030	1778623092030	4696.70	4696.98		0	0	134	28
2026.05.12	21:58:12.149	1778623092149	4696.64	4696.92		0	0	134	28
2026.05.12	21:58:12.503	1778623092503	4696.67	4696.95		0	0	134	28
2026.05.12	21:58:12.620	1778623092620	4696.77	4697.05		0	0	134	28
2026.05.12	21:58:12.738	1778623092738	4696.76	4697.04		0	0	134	28
2026.05.12	21:58:12.857	1778623092857	4696.85	4697.13		0	0	134	28
2026.05.12	21:58:12.976	1778623092976	4696.86	4697.13		0	0	130	27
2026.05.12	21:58:13.094	1778623093094	4696.87	4697.15		0	0	134	28
2026.05.12	21:58:13.152	1778623093152	4696.99	4697.27		0	0	134	28
2026.05.12	21:58:13.155	1778623093155	4697.03	4697.29		0	0	134	26
2026.05.12	21:58:13.166	1778623093166	4697.03	4697.33		0	0	4	30
2026.05.12	21:58:13.168	1778623093168	4697.02	4697.33		0	0	130	31
2026.05.12	21:58:13.178	1778623093178	4697.00	4697.28		0	0	134	28
2026.05.12	21:58:13.185	1778623093185	4696.98	4697.28		0	0	130	30
2026.05.12	21:58:13.199	1778623093199	4697.07	4697.35		0	0	134	28
2026.05.12	21:58:13.200	1778623093200	4697.09	4697.37		0	0	134	28
2026.05.12	21:58:13.212	1778623093212	4697.07	4697.35		0	0	134	28
2026.05.12	21:58:13.331	1778623093331	4697.04	4697.32		0	0	134	28
2026.05.12	21:58:13.450	1778623093450	4697.05	4697.33		0	0	134	28
2026.05.12	21:58:13.540	1778623093540	4696.95	4697.22		0	0	134	27
2026.05.12	21:58:13.552	1778623093552	4696.84	4697.12		0	0	134	28
2026.05.12	21:58:13.568	1778623093568	4696.91	4697.19		0	0	134	28
2026.05.12	21:58:13.687	1778623093687	4696.88	4697.16		0	0	134	28
2026.05.12	21:58:13.922	1778623093922	4696.92	4697.20		0	0	134	28
2026.05.12	21:58:14.043	1778623094043	4696.95	4697.23		0	0	134	28
2026.05.12	21:58:14.160	1778623094160	4696.99	4697.27		0	0	134	28
2026.05.12	21:58:14.278	1778623094278	4696.98	4697.26		0	0	134	28
2026.05.12	21:58:14.502	1778623094502	4697.08	4697.35		0	0	134	27
2026.05.12	21:58:14.503	1778623094503	4697.06	4697.34		0	0	134	28
2026.05.12	21:58:14.506	1778623094506	4697.02	4697.30		0	0	134	28
2026.05.12	21:58:14.516	1778623094516	4697.11	4697.39		0	0	134	28
2026.05.12	21:58:14.632	1778623094632	4697.18	4697.46		0	0	134	28
2026.05.12	21:58:14.750	1778623094750	4697.26	4697.54		0	0	134	28
2026.05.12	21:58:14.869	1778623094869	4697.25	4697.53		0	0	134	28
2026.05.12	21:58:14.988	1778623094988	4697.11	4697.39		0	0	134	28
2026.05.12	21:58:15.046	1778623095046	4697.08	4697.36		0	0	134	28
2026.05.12	21:58:15.046	1778623095046	4697.14	4697.42		0	0	134	28
2026.05.12	21:58:15.106	1778623095106	4697.12	4697.40		0	0	134	28
2026.05.12	21:58:15.224	1778623095224	4697.11	4697.39		0	0	134	28
2026.05.12	21:58:15.461	1778623095461	4697.08	4697.36		0	0	134	28
2026.05.12	21:58:15.578	1778623095578	4697.19	4697.47		0	0	134	28
2026.05.12	21:58:15.815	1778623095815	4697.12	4697.40		0	0	134	28
2026.05.12	21:58:15.935	1778623095935	4697.14	4697.42		0	0	134	28
2026.05.12	21:58:16.170	1778623096170	4697.12	4697.40		0	0	134	28
2026.05.12	21:58:16.407	1778623096407	4697.11	4697.39		0	0	134	28
2026.05.12	21:58:16.879	1778623096879	4697.14	4697.42		0	0	134	28
2026.05.12	21:58:16.949	1778623096949	4697.08	4697.36		0	0	134	28
2026.05.12	21:58:16.949	1778623096949	4697.09	4697.37		0	0	134	28
2026.05.12	21:58:16.998	1778623096998	4697.02	4697.30		0	0	134	28
2026.05.12	21:58:17.116	1778623097116	4697.03	4697.30		0	0	130	27
2026.05.12	21:58:17.472	1778623097472	4697.05	4697.33		0	0	134	28
2026.05.12	21:58:17.828	1778623097828	4697.06	4697.34		0	0	134	28
2026.05.12	21:58:18.182	1778623098182	4697.00	4697.28		0	0	134	28
2026.05.12	21:58:18.299	1778623098299	4697.02	4697.29		0	0	134	27
2026.05.12	21:58:18.417	1778623098417	4697.00	4697.28		0	0	134	28
2026.05.12	21:58:18.535	1778623098535	4696.98	4697.26		0	0	134	28
2026.05.12	21:58:18.891	1778623098891	4696.99	4697.27		0	0	134	28
2026.05.12	21:58:19.129	1778623099129	4697.04	4697.32		0	0	134	28
2026.05.12	21:58:19.246	1778623099246	4697.05	4697.33		0	0	134	28
2026.05.12	21:58:19.720	1778623099720	4696.98	4697.26		0	0	134	28
2026.05.12	21:58:19.956	1778623099956	4696.89	4697.17		0	0	134	28
2026.05.12	21:58:20.074	1778623100074	4696.88	4697.16		0	0	134	28
2026.05.12	21:58:20.193	1778623100193	4696.89	4697.17		0	0	134	28
2026.05.12	21:58:20.547	1778623100547	4696.79	4697.07		0	0	134	28
2026.05.12	21:58:20.666	1778623100666	4696.84	4697.12		0	0	134	28
2026.05.12	21:58:20.784	1778623100784	4696.82	4697.10		0	0	134	28
2026.05.12	21:58:20.902	1778623100902	4696.61	4696.89		0	0	134	28
2026.05.12	21:58:21.256	1778623101256	4696.62	4696.90		0	0	134	28
2026.05.12	21:58:21.551	1778623101551	4696.46	4696.74		0	0	134	28
2026.05.12	21:58:21.577	1778623101577	4696.52	4696.80		0	0	134	28
2026.05.12	21:58:21.599	1778623101599	4696.53	4696.81		0	0	134	28
2026.05.12	21:58:21.611	1778623101611	4696.56	4696.84		0	0	134	28
2026.05.12	21:58:21.952	1778623101952	4696.71	4696.99		0	0	134	28
2026.05.12	21:58:21.969	1778623101969	4696.73	4697.01		0	0	134	28
2026.05.12	21:58:22.060	1778623102060	4696.88	4697.14		0	0	134	26
2026.05.12	21:58:22.085	1778623102085	4696.69	4696.97		0	0	134	28
2026.05.12	21:58:22.205	1778623102205	4696.61	4696.89		0	0	134	28
2026.05.12	21:58:22.257	1778623102257	4696.60	4696.88		0	0	134	28
2026.05.12	21:58:22.282	1778623102282	4696.62	4696.90		0	0	134	28
2026.05.12	21:58:22.283	1778623102283	4696.64	4696.92		0	0	134	28
2026.05.12	21:58:22.322	1778623102322	4696.71	4696.97		0	0	134	26
2026.05.12	21:58:22.441	1778623102441	4696.73	4697.01		0	0	134	28
2026.05.12	21:58:22.558	1778623102558	4696.74	4697.01		0	0	130	27
2026.05.12	21:58:22.678	1778623102678	4696.75	4697.02		0	0	134	27
2026.05.12	21:58:22.794	1778623102794	4696.76	4697.04		0	0	134	28
2026.05.12	21:58:22.914	1778623102914	4696.79	4697.06		0	0	134	27
2026.05.12	21:58:23.032	1778623103032	4696.79	4697.07		0	0	4	28
2026.05.12	21:58:23.152	1778623103152	4696.71	4696.99		0	0	134	28
2026.05.12	21:58:23.271	1778623103271	4696.70	4696.98		0	0	134	28
2026.05.12	21:58:23.505	1778623103505	4696.74	4697.02		0	0	134	28
2026.05.12	21:58:23.742	1778623103742	4696.73	4697.01		0	0	134	28
2026.05.12	21:58:23.978	1778623103978	4696.71	4696.99		0	0	134	28
2026.05.12	21:58:24.217	1778623104217	4696.75	4697.03		0	0	134	28
2026.05.12	21:58:24.333	1778623104333	4696.76	4697.04		0	0	134	28
2026.05.12	21:58:24.569	1778623104569	4696.82	4697.08		0	0	134	26
2026.05.12	21:58:24.689	1778623104689	4696.82	4697.10		0	0	4	28
2026.05.12	21:58:25.043	1778623105043	4696.85	4697.13		0	0	134	28
2026.05.12	21:58:25.162	1778623105162	4696.91	4697.19		0	0	134	28
2026.05.12	21:58:25.398	1778623105398	4696.92	4697.20		0	0	134	28
2026.05.12	21:58:25.519	1778623105519	4696.94	4697.21		0	0	134	27
2026.05.12	21:58:25.636	1778623105636	4696.92	4697.20		0	0	134	28
2026.05.12	21:58:25.752	1778623105752	4696.93	4697.21		0	0	134	28
2026.05.12	21:58:25.870	1778623105870	4696.96	4697.24		0	0	134	28
2026.05.12	21:58:25.989	1778623105989	4696.98	4697.26		0	0	134	28
2026.05.12	21:58:26.108	1778623106108	4697.00	4697.28		0	0	134	28
2026.05.12	21:58:26.227	1778623106227	4697.02	4697.29		0	0	134	27
2026.05.12	21:58:26.463	1778623106463	4696.99	4697.27		0	0	134	28
2026.05.12	21:58:26.700	1778623106700	4697.02	4697.30		0	0	134	28
2026.05.12	21:58:26.935	1778623106935	4696.99	4697.27		0	0	134	28
2026.05.12	21:58:27.290	1778623107290	4697.00	4697.28		0	0	134	28
2026.05.12	21:58:27.882	1778623107882	4697.02	4697.29		0	0	134	27
2026.05.12	21:58:28.239	1778623108239	4697.00	4697.28		0	0	134	28
2026.05.12	21:58:28.357	1778623108357	4696.98	4697.26		0	0	134	28
2026.05.12	21:58:28.710	1778623108710	4696.92	4697.20		0	0	134	28
2026.05.12	21:58:28.830	1778623108830	4696.90	4697.18		0	0	134	28
2026.05.12	21:58:29.185	1778623109185	4696.94	4697.19		0	0	134	25
2026.05.12	21:58:29.420	1778623109420	4696.99	4697.27		0	0	134	28
2026.05.12	21:58:29.539	1778623109539	4696.98	4697.26		0	0	134	28
2026.05.12	21:58:29.658	1778623109658	4696.97	4697.23		0	0	134	26
2026.05.12	21:58:29.717	1778623109717	4696.66	4697.00		0	0	134	34
2026.05.12	21:58:29.719	1778623109719	4696.58	4696.90		0	0	134	32
2026.05.12	21:58:29.720	1778623109720	4696.58	4696.89		0	0	4	31
2026.05.12	21:58:29.721	1778623109721	4696.57	4696.87		0	0	134	30
2026.05.12	21:58:29.726	1778623109726	4696.56	4696.87		0	0	130	31
2026.05.12	21:58:29.728	1778623109728	4696.53	4696.86		0	0	134	33
2026.05.12	21:58:29.734	1778623109734	4696.54	4696.86		0	0	130	32
2026.05.12	21:58:29.766	1778623109766	4696.65	4696.93		0	0	134	28
2026.05.12	21:58:29.766	1778623109766	4696.70	4696.98		0	0	134	28
2026.05.12	21:58:29.778	1778623109778	4696.67	4696.95		0	0	134	28
2026.05.12	21:58:29.896	1778623109896	4696.65	4696.93		0	0	134	28
2026.05.12	21:58:30.015	1778623110015	4696.61	4696.89		0	0	134	28
2026.05.12	21:58:30.059	1778623110059	4696.62	4696.90		0	0	134	28
2026.05.12	21:58:30.132	1778623110132	4696.60	4696.88		0	0	134	28
2026.05.12	21:58:30.252	1778623110252	4696.68	4696.96		0	0	134	28
2026.05.12	21:58:30.486	1778623110486	4696.69	4696.97		0	0	134	28
2026.05.12	21:58:30.842	1778623110842	4696.64	4696.92		0	0	134	28
2026.05.12	21:58:30.960	1778623110960	4696.66	4696.94		0	0	134	28
2026.05.12	21:58:31.045	1778623111045	4696.63	4696.91		0	0	134	28
2026.05.12	21:58:31.078	1778623111078	4696.59	4696.87		0	0	134	28
2026.05.12	21:58:31.197	1778623111197	4696.59	4696.86		0	0	4	27
2026.05.12	21:58:31.432	1778623111432	4696.65	4696.93		0	0	134	28
2026.05.12	21:58:31.669	1778623111669	4696.60	4696.88		0	0	134	28
2026.05.12	21:58:31.787	1778623111787	4696.65	4696.93		0	0	134	28
2026.05.12	21:58:32.379	1778623112379	4696.66	4696.94		0	0	134	28
2026.05.12	21:58:32.497	1778623112497	4696.67	4696.95		0	0	134	28
2026.05.12	21:58:32.734	1778623112734	4696.66	4696.94		0	0	134	28
2026.05.12	21:58:32.851	1778623112851	4696.66	4696.93		0	0	4	27
2026.05.12	21:58:33.500	1778623113500	4696.66	4696.94		0	0	4	28
2026.05.12	21:58:33.501	1778623113501	4696.65	4696.93		0	0	134	28
2026.05.12	21:58:33.503	1778623113503	4696.64	4696.92		0	0	134	28
2026.05.12	21:58:33.539	1778623113539	4696.63	4696.91		0	0	134	28
2026.05.12	21:58:33.541	1778623113541	4696.61	4696.89		0	0	134	28
2026.05.12	21:58:33.566	1778623113566	4696.62	4696.90		0	0	134	28
2026.05.12	21:58:33.683	1778623113683	4696.58	4696.86		0	0	134	28
2026.05.12	21:58:34.035	1778623114035	4696.54	4696.82		0	0	134	28
2026.05.12	21:58:34.154	1778623114154	4696.53	4696.81		0	0	134	28
2026.05.12	21:58:34.508	1778623114508	4696.55	4696.81		0	0	130	26
2026.05.12	21:58:34.692	1778623114692	4696.27	4696.56		0	0	134	29
2026.05.12	21:58:34.694	1778623114694	4696.25	4696.53		0	0	134	28
2026.05.12	21:58:34.697	1778623114697	4696.19	4696.51		0	0	134	32
