<DATE>	<TIME>	<TIME_MSC>	<BID>	<ASK>	<LAST>	<VOLUME>	<VOLUME_REAL>	<FLAGS>	<SPREAD>
2026.06.08	01:00:00.897	1780880400897	4329.63	4330.88		0	0	6	125
2026.06.08	01:00:01.224	1780880401224	4329.36	4330.61		0	0	6	125
2026.06.08	01:00:01.324	1780880401324	4329.09	4330.34		0	0	6	125
2026.06.08	01:00:02.339	1780880402339	4328.82	4330.07		0	0	6	125
2026.06.08	01:00:02.360	1780880402360	4328.55	4329.80		0	0	6	125
2026.06.08	01:00:02.380	1780880402380	4328.28	4329.53		0	0	6	125
2026.06.08	01:00:02.410	1780880402410	4328.01	4329.26		0	0	6	125
2026.06.08	01:00:02.469	1780880402469	4327.74	4328.99		0	0	6	125
2026.06.08	01:00:02.500	1780880402500	4327.47	4328.72		0	0	6	125
2026.06.08	01:00:02.524	1780880402524	4327.20	4328.45		0	0	6	125
2026.06.08	01:00:02.549	1780880402549	4326.93	4328.18		0	0	6	125
2026.06.08	01:00:02.559	1780880402559	4326.66	4327.91		0	0	6	125
2026.06.08	01:00:02.569	1780880402569	4326.39	4327.64		0	0	6	125
2026.06.08	01:00:02.580	1780880402580	4326.66	4327.91		0	0	6	125
2026.06.08	01:00:02.598	1780880402598	4326.39	4327.64		0	0	6	125
2026.06.08	01:00:02.609	1780880402609	4326.13	4327.38		0	0	6	125
2026.06.08	01:00:02.715	1780880402715	4326.06	4327.31		0	0	6	125
2026.06.08	01:00:02.910	1780880402910	4325.79	4327.03		0	0	6	124
2026.06.08	01:00:02.940	1780880402940	4325.52	4326.76		0	0	6	124
2026.06.08	01:00:02.967	1780880402967	4325.45	4326.69		0	0	6	124
2026.06.08	01:00:03.000	1780880403000	4325.47	4326.71		0	0	6	124
2026.06.08	01:00:03.029	1780880403029	4325.42	4326.65		0	0	6	123
2026.06.08	01:00:03.059	1780880403059	4325.44	4326.67		0	0	6	123
2026.06.08	01:00:03.089	1780880403089	4325.42	4326.65		0	0	6	123
2026.06.08	01:00:03.130	1780880403130	4325.50	4326.73		0	0	6	123
2026.06.08	01:00:03.188	1780880403188	4325.22	4326.47		0	0	6	125
2026.06.08	01:00:03.209	1780880403209	4325.49	4326.74		0	0	6	125
2026.06.08	01:00:03.228	1780880403228	4325.76	4327.00		0	0	6	124
2026.06.08	01:00:03.238	1780880403238	4326.07	4327.25		0	0	6	118
2026.06.08	01:00:03.251	1780880403251	4326.34	4327.52		0	0	6	118
2026.06.08	01:00:03.577	1780880403577	4326.57	4327.82		0	0	6	125
2026.06.08	01:00:03.588	1780880403588	4326.84	4328.09		0	0	6	125
2026.06.08	01:00:03.599	1780880403599	4327.11	4328.36		0	0	6	125
2026.06.08	01:00:03.610	1780880403610	4327.38	4328.63		0	0	6	125
2026.06.08	01:00:03.619	1780880403619	4327.66	4328.90		0	0	6	124
2026.06.08	01:00:03.660	1780880403660	4327.95	4329.14		0	0	6	119
2026.06.08	01:00:03.671	1780880403671	4328.19	4329.44		0	0	6	125
2026.06.08	01:00:03.691	1780880403691	4328.14	4329.39		0	0	6	125
2026.06.08	01:00:03.751	1780880403751	4328.17	4329.42		0	0	6	125
2026.06.08	01:00:03.773	1780880403773	4328.42	4329.67		0	0	6	125
2026.06.08	01:00:03.785	1780880403785	4328.67	4329.92		0	0	6	125
2026.06.08	01:00:03.893	1780880403893	4328.45	4329.64		0	0	6	119
2026.06.08	01:00:04.257	1780880404257	4328.70	4329.95		0	0	6	125
2026.06.08	01:00:04.277	1780880404277	4328.97	4330.22		0	0	6	125
2026.06.08	01:00:04.288	1780880404288	4329.24	4330.49		0	0	6	125
2026.06.08	01:00:04.307	1780880404307	4329.51	4330.76		0	0	6	125
2026.06.08	01:00:04.341	1780880404341	4329.78	4331.03		0	0	6	125
2026.06.08	01:00:04.360	1780880404360	4330.05	4331.30		0	0	6	125
2026.06.08	01:00:04.372	1780880404372	4330.32	4331.57		0	0	6	125
2026.06.08	01:00:04.390	1780880404390	4330.59	4331.84		0	0	6	125
2026.06.08	01:00:04.442	1780880404442	4330.86	4332.11		0	0	6	125
2026.06.08	01:00:04.450	1780880404450	4331.13	4332.38		0	0	6	125
2026.06.08	01:00:04.502	1780880404502	4331.40	4332.65		0	0	6	125
2026.06.08	01:00:04.532	1780880404532	4331.67	4332.92		0	0	6	125
2026.06.08	01:00:04.542	1780880404542	4331.94	4333.19		0	0	6	125
2026.06.08	01:00:04.593	1780880404593	4332.21	4333.46		0	0	6	125
2026.06.08	01:00:04.604	1780880404604	4332.48	4333.73		0	0	6	125
2026.06.08	01:00:04.644	1780880404644	4332.75	4334.00		0	0	6	125
2026.06.08	01:00:04.752	1780880404752	4333.05	4334.24		0	0	6	119
2026.06.08	01:00:04.857	1780880404857	4332.83	4333.99		0	0	6	116
2026.06.08	01:00:05.073	1780880405073	4333.08	4334.26		0	0	6	118
2026.06.08	01:00:05.242	1780880405242	4332.78	4334.03		0	0	6	125
2026.06.08	01:00:05.292	1780880405292	4332.51	4333.76		0	0	6	125
2026.06.08	01:00:05.323	1780880405323	4332.24	4333.49		0	0	6	125
2026.06.08	01:00:05.343	1780880405343	4331.97	4333.22		0	0	6	125
2026.06.08	01:00:05.396	1780880405396	4331.70	4332.95		0	0	6	125
2026.06.08	01:00:05.426	1780880405426	4331.43	4332.68		0	0	6	125
2026.06.08	01:00:05.435	1780880405435	4331.16	4332.41		0	0	6	125
2026.06.08	01:00:05.465	1780880405465	4330.92	4332.11		0	0	6	119
2026.06.08	01:00:05.476	1780880405476	4330.65	4331.84		0	0	6	119
2026.06.08	01:00:05.485	1780880405485	4330.38	4331.57		0	0	6	119
2026.06.08	01:00:05.495	1780880405495	4330.08	4331.33		0	0	6	125
2026.06.08	01:00:05.554	1780880405554	4329.81	4331.06		0	0	6	125
2026.06.08	01:00:05.595	1780880405595	4329.57	4330.76		0	0	6	119
2026.06.08	01:00:05.625	1780880405625	4329.44	4330.69		0	0	6	125
2026.06.08	01:00:05.635	1780880405635	4329.71	4330.96		0	0	6	125
2026.06.08	01:00:05.674	1780880405674	4329.47	4330.66		0	0	6	119
2026.06.08	01:00:05.704	1780880405704	4329.29	4330.48		0	0	6	119
2026.06.08	01:00:05.716	1780880405716	4329.51	4330.70		0	0	6	119
2026.06.08	01:00:05.725	1780880405725	4329.78	4330.97		0	0	6	119
2026.06.08	01:00:05.735	1780880405735	4329.51	4330.70		0	0	6	119
2026.06.08	01:00:05.764	1780880405764	4329.24	4330.43		0	0	6	119
2026.06.08	01:00:05.795	1780880405795	4329.05	4330.24		0	0	6	119
2026.06.08	01:00:05.806	1780880405806	4328.81	4330.00		0	0	6	119
2026.06.08	01:00:05.834	1780880405834	4329.05	4330.30		0	0	6	125
2026.06.08	01:00:05.861	1780880405861	4328.99	4330.18		0	0	6	119
2026.06.08	01:00:05.872	1780880405872	4328.72	4329.91		0	0	6	119
2026.06.08	01:00:05.902	1780880405902	4328.76	4329.95		0	0	6	119
2026.06.08	01:00:05.926	1780880405926	4328.88	4330.07		0	0	6	119
2026.06.08	01:00:06.034	1780880406034	4328.71	4329.90		0	0	6	119
2026.06.08	01:00:06.247	1780880406247	4328.98	4330.17		0	0	6	119
2026.06.08	01:00:06.461	1780880406461	4329.25	4330.44		0	0	6	119
2026.06.08	01:00:06.570	1780880406570	4329.52	4330.71		0	0	6	119
2026.06.08	01:00:06.889	1780880406889	4329.79	4330.98		0	0	6	119
2026.06.08	01:00:06.995	1780880406995	4330.06	4331.25		0	0	6	119
2026.06.08	01:00:07.106	1780880407106	4330.33	4331.52		0	0	6	119
2026.06.08	01:00:07.319	1780880407319	4330.60	4331.79		0	0	6	119
2026.06.08	01:00:07.426	1780880407426	4330.87	4332.06		0	0	6	119
2026.06.08	01:00:07.531	1780880407531	4330.92	4332.09		0	0	6	117
2026.06.08	01:00:07.945	1780880407945	4331.19	4332.38		0	0	6	119
2026.06.08	01:00:07.965	1780880407965	4331.46	4332.65		0	0	6	119
2026.06.08	01:00:07.993	1780880407993	4331.73	4332.92		0	0	6	119
2026.06.08	01:00:08.013	1780880408013	4332.00	4333.19		0	0	6	119
2026.06.08	01:00:08.044	1780880408044	4332.16	4333.35		0	0	6	119
2026.06.08	01:00:08.088	1780880408088	4332.22	4333.41		0	0	6	119
2026.06.08	01:00:08.113	1780880408113	4332.25	4333.44		0	0	6	119
2026.06.08	01:00:08.146	1780880408146	4332.17	4333.36		0	0	6	119
2026.06.08	01:00:08.156	1780880408156	4332.02	4333.21		0	0	6	119
2026.06.08	01:00:08.185	1780880408185	4331.93	4333.12		0	0	6	119
2026.06.08	01:00:08.215	1780880408215	4331.87	4333.06		0	0	6	119
2026.06.08	01:00:08.264	1780880408264	4331.86	4333.05		0	0	6	119
2026.06.08	01:00:08.276	1780880408276	4331.89	4333.08		0	0	6	119
2026.06.08	01:00:08.295	1780880408295	4331.79	4333.04		0	0	6	125
2026.06.08	01:00:08.356	1780880408356	4331.98	4333.17		0	0	6	119
2026.06.08	01:00:08.376	1780880408376	4332.07	4333.26		0	0	6	119
2026.06.08	01:00:08.388	1780880408388	4331.99	4333.18		0	0	6	119
2026.06.08	01:00:08.406	1780880408406	4331.93	4333.12		0	0	6	119
2026.06.08	01:00:08.426	1780880408426	4331.90	4333.09		0	0	6	119
2026.06.08	01:00:08.445	1780880408445	4332.04	4333.23		0	0	6	119
2026.06.08	01:00:08.457	1780880408457	4331.92	4333.11		0	0	6	119
2026.06.08	01:00:08.467	1780880408467	4331.87	4333.06		0	0	6	119
2026.06.08	01:00:08.476	1780880408476	4331.96	4333.15		0	0	6	119
2026.06.08	01:00:08.488	1780880408488	4332.15	4333.34		0	0	6	119
2026.06.08	01:00:08.497	1780880408497	4332.28	4333.47		0	0	6	119
2026.06.08	01:00:08.523	1780880408523	4332.23	4333.42		0	0	6	119
2026.06.08	01:00:08.564	1780880408564	4332.33	4333.52		0	0	6	119
2026.06.08	01:00:08.585	1780880408585	4332.31	4333.50		0	0	6	119
2026.06.08	01:00:08.692	1780880408692	4332.58	4333.77		0	0	6	119
2026.06.08	01:00:08.704	1780880408704	4332.73	4333.92		0	0	6	119
2026.06.08	01:00:08.722	1780880408722	4332.64	4333.83		0	0	6	119
2026.06.08	01:00:08.763	1780880408763	4332.76	4333.95		0	0	6	119
2026.06.08	01:00:08.924	1780880408924	4333.00	4334.25		0	0	6	125
2026.06.08	01:00:08.954	1780880408954	4332.86	4334.05		0	0	6	119
2026.06.08	01:00:09.244	1780880409244	4332.61	4333.76		0	0	6	115
2026.06.08	01:00:09.352	1780880409352	4332.54	4333.69		0	0	6	115
2026.06.08	01:00:09.459	1780880409459	4332.59	4333.78		0	0	6	119
2026.06.08	01:00:09.566	1780880409566	4332.85	4334.06		0	0	6	121
2026.06.08	01:00:09.672	1780880409672	4333.13	4334.32		0	0	6	119
2026.06.08	01:00:09.776	1780880409776	4333.38	4334.62		0	0	6	124
2026.06.08	01:00:09.886	1780880409886	4333.65	4334.88		0	0	6	123
2026.06.08	01:00:09.993	1780880409993	4333.91	4335.16		0	0	6	125
2026.06.08	01:00:10.100	1780880410100	4333.84	4335.02		0	0	6	118
2026.06.08	01:00:10.210	1780880410210	4333.76	4334.93		0	0	6	117
2026.06.08	01:00:10.527	1780880410527	4333.99	4335.24		0	0	6	125
2026.06.08	01:00:10.636	1780880410636	4334.09	4335.34		0	0	6	125
2026.06.08	01:00:10.954	1780880410954	4334.26	4335.50		0	0	6	124
2026.06.08	01:00:11.062	1780880411062	4334.17	4335.41		0	0	6	124
2026.06.08	01:00:11.249	1780880411249	4333.89	4335.14		0	0	6	125
2026.06.08	01:00:11.258	1780880411258	4333.62	4334.87		0	0	6	125
2026.06.08	01:00:11.294	1780880411294	4333.38	4334.57		0	0	6	119
2026.06.08	01:00:11.314	1780880411314	4333.11	4334.30		0	0	6	119
2026.06.08	01:00:11.350	1780880411350	4332.81	4334.06		0	0	6	125
2026.06.08	01:00:11.383	1780880411383	4333.08	4334.33		0	0	6	125
2026.06.08	01:00:11.491	1780880411491	4333.38	4334.56		0	0	6	118
2026.06.08	01:00:11.597	1780880411597	4333.67	4334.82		0	0	6	115
2026.06.08	01:00:11.703	1780880411703	4333.92	4335.07		0	0	6	115
2026.06.08	01:00:11.917	1780880411917	4334.14	4335.38		0	0	6	124
2026.06.08	01:00:12.131	1780880412131	4334.12	4335.29		0	0	6	117
2026.06.08	01:00:12.240	1780880412240	4333.89	4335.04		0	0	6	115
2026.06.08	01:00:12.345	1780880412345	4333.87	4335.02		0	0	6	115
2026.06.08	01:00:12.451	1780880412451	4333.89	4335.05		0	0	6	116
2026.06.08	01:00:12.560	1780880412560	4334.00	4335.15		0	0	6	115
2026.06.08	01:00:12.666	1780880412666	4334.06	4335.22		0	0	6	116
2026.06.08	01:00:12.883	1780880412883	4333.78	4334.95		0	0	6	117
2026.06.08	01:00:12.986	1780880412986	4333.52	4334.68		0	0	6	116
2026.06.08	01:00:13.094	1780880413094	4333.25	4334.41		0	0	6	116
2026.06.08	01:00:13.310	1780880413310	4332.98	4334.14		0	0	6	116
2026.06.08	01:00:13.521	1780880413521	4332.89	4334.05		0	0	6	116
2026.06.08	01:00:13.630	1780880413630	4332.91	4334.07		0	0	6	116
2026.06.08	01:00:13.737	1780880413737	4332.86	4334.02		0	0	6	116
2026.06.08	01:00:14.056	1780880414056	4332.87	4334.03		0	0	6	116
2026.06.08	01:00:14.379	1780880414379	4332.82	4333.97		0	0	6	115
2026.06.08	01:00:15.019	1780880415019	4332.89	4334.05		0	0	6	116
2026.06.08	01:00:15.126	1780880415126	4332.78	4333.93		0	0	6	115
2026.06.08	01:00:15.448	1780880415448	4332.79	4333.95		0	0	6	116
2026.06.08	01:00:15.554	1780880415554	4332.74	4333.89		0	0	6	115
2026.06.08	01:00:15.663	1780880415663	4332.80	4333.95		0	0	6	115
2026.06.08	01:00:15.769	1780880415769	4332.73	4333.92		0	0	6	119
2026.06.08	01:00:15.874	1780880415874	4332.47	4333.64		0	0	6	117
2026.06.08	01:00:15.982	1780880415982	4332.36	4333.54		0	0	6	118
2026.06.08	01:00:16.088	1780880416088	4332.32	4333.50		0	0	6	118
2026.06.08	01:00:16.197	1780880416197	4332.41	4333.58		0	0	6	117
2026.06.08	01:00:16.305	1780880416305	4332.38	4333.55		0	0	6	117
2026.06.08	01:00:16.410	1780880416410	4332.24	4333.41		0	0	6	117
2026.06.08	01:00:16.518	1780880416518	4332.32	4333.49		0	0	6	117
2026.06.08	01:00:16.838	1780880416838	4332.31	4333.48		0	0	6	117
2026.06.08	01:00:16.943	1780880416943	4332.19	4333.37		0	0	6	118
2026.06.08	01:00:17.052	1780880417052	4332.30	4333.47		0	0	6	117
2026.06.08	01:00:17.588	1780880417588	4332.57	4333.76		0	0	6	119
2026.06.08	01:00:17.694	1780880417694	4332.65	4333.90		0	0	6	125
2026.06.08	01:00:17.801	1780880417801	4332.48	4333.73		0	0	6	125
2026.06.08	01:00:17.908	1780880417908	4332.21	4333.46		0	0	6	125
2026.06.08	01:00:18.014	1780880418014	4332.29	4333.54		0	0	6	125
2026.06.08	01:00:18.121	1780880418121	4332.22	4333.47		0	0	6	125
2026.06.08	01:00:18.228	1780880418228	4332.49	4333.74		0	0	6	125
2026.06.08	01:00:18.336	1780880418336	4332.67	4333.86		0	0	6	119
2026.06.08	01:00:18.442	1780880418442	4332.40	4333.59		0	0	6	119
2026.06.08	01:00:18.552	1780880418552	4332.13	4333.32		0	0	6	119
2026.06.08	01:00:18.659	1780880418659	4331.86	4333.04		0	0	6	118
2026.06.08	01:00:18.764	1780880418764	4331.59	4332.77		0	0	6	118
2026.06.08	01:00:18.871	1780880418871	4331.32	4332.51		0	0	6	119
2026.06.08	01:00:18.977	1780880418977	4331.05	4332.23		0	0	6	118
2026.06.08	01:00:19.083	1780880419083	4330.78	4331.96		0	0	6	118
2026.06.08	01:00:19.193	1780880419193	4330.53	4331.71		0	0	6	118
2026.06.08	01:00:19.299	1780880419299	4330.29	4331.47		0	0	6	118
2026.06.08	01:00:19.622	1780880419622	4330.56	4331.74		0	0	6	118
2026.06.08	01:00:19.728	1780880419728	4330.58	4331.75		0	0	6	117
2026.06.08	01:00:19.833	1780880419833	4330.31	4331.49		0	0	6	118
2026.06.08	01:00:19.942	1780880419942	4330.26	4331.44		0	0	6	118
2026.06.08	01:00:20.050	1780880420050	4330.24	4331.41		0	0	6	117
2026.06.08	01:00:20.156	1780880420156	4329.96	4331.14		0	0	6	118
2026.06.08	01:00:20.263	1780880420263	4329.69	4330.87		0	0	6	118
2026.06.08	01:00:20.368	1780880420368	4329.43	4330.59		0	0	6	116
2026.06.08	01:00:20.476	1780880420476	4329.27	4330.42		0	0	6	115
2026.06.08	01:00:20.583	1780880420583	4328.98	4330.17		0	0	6	119
2026.06.08	01:00:20.690	1780880420690	4328.71	4329.90		0	0	6	119
2026.06.08	01:00:20.797	1780880420797	4328.68	4329.87		0	0	6	119
2026.06.08	01:00:20.904	1780880420904	4328.53	4329.72		0	0	6	119
2026.06.08	01:00:21.011	1780880421011	4328.77	4329.96		0	0	6	119
2026.06.08	01:00:21.117	1780880421117	4328.69	4329.88		0	0	6	119
2026.06.08	01:00:21.224	1780880421224	4328.75	4329.94		0	0	6	119
2026.06.08	01:00:21.332	1780880421332	4328.48	4329.67		0	0	6	119
2026.06.08	01:00:21.441	1780880421441	4328.21	4329.40		0	0	6	119
2026.06.08	01:00:21.547	1780880421547	4327.94	4329.13		0	0	6	119
2026.06.08	01:00:21.651	1780880421651	4327.87	4329.06		0	0	6	119
2026.06.08	01:00:21.759	1780880421759	4327.92	4329.11		0	0	6	119
2026.06.08	01:00:21.866	1780880421866	4327.78	4328.97		0	0	6	119
2026.06.08	01:00:21.975	1780880421975	4327.59	4328.78		0	0	6	119
2026.06.08	01:00:22.083	1780880422083	4327.86	4329.05		0	0	6	119
2026.06.08	01:00:22.188	1780880422188	4327.59	4328.78		0	0	6	119
2026.06.08	01:00:22.296	1780880422296	4327.45	4328.64		0	0	6	119
2026.06.08	01:00:22.402	1780880422402	4327.73	4328.91		0	0	6	118
2026.06.08	01:00:22.509	1780880422509	4327.82	4329.00		0	0	6	118
2026.06.08	01:00:22.617	1780880422617	4327.62	4328.81		0	0	6	119
2026.06.08	01:00:22.723	1780880422723	4327.66	4328.85		0	0	6	119
2026.06.08	01:00:22.831	1780880422831	4327.77	4328.95		0	0	6	118
2026.06.08	01:00:22.937	1780880422937	4327.79	4328.97		0	0	6	118
2026.06.08	01:00:23.366	1780880423366	4327.51	4328.70		0	0	6	119
2026.06.08	01:00:23.472	1780880423472	4327.68	4328.86		0	0	6	118
2026.06.08	01:00:23.578	1780880423578	4327.75	4328.93		0	0	6	118
2026.06.08	01:00:23.688	1780880423688	4327.47	4328.66		0	0	6	119
2026.06.08	01:00:23.794	1780880423794	4327.21	4328.39		0	0	6	118
2026.06.08	01:00:23.902	1780880423902	4327.28	4328.46		0	0	6	118
2026.06.08	01:00:24.006	1780880424006	4327.27	4328.45		0	0	6	118
2026.06.08	01:00:24.433	1780880424433	4327.53	4328.72		0	0	6	119
2026.06.08	01:00:24.541	1780880424541	4327.59	4328.78		0	0	6	119
2026.06.08	01:00:24.649	1780880424649	4327.39	4328.56		0	0	6	117
2026.06.08	01:00:24.757	1780880424757	4327.55	4328.70		0	0	6	115
2026.06.08	01:00:24.862	1780880424862	4327.59	4328.74		0	0	6	115
2026.06.08	01:00:24.971	1780880424971	4327.84	4329.03		0	0	6	119
2026.06.08	01:00:25.080	1780880425080	4328.11	4329.29		0	0	6	118
2026.06.08	01:00:25.185	1780880425185	4328.38	4329.57		0	0	6	119
2026.06.08	01:00:25.293	1780880425293	4328.65	4329.83		0	0	6	118
2026.06.08	01:00:25.398	1780880425398	4328.38	4329.57		0	0	6	119
2026.06.08	01:00:25.506	1780880425506	4328.44	4329.61		0	0	6	117
2026.06.08	01:00:25.767	1780880425767	4328.16	4329.35		0	0	6	119
2026.06.08	01:00:25.797	1780880425797	4328.00	4329.19		0	0	6	119
2026.06.08	01:00:25.826	1780880425826	4327.73	4328.92		0	0	6	119
2026.06.08	01:00:25.931	1780880425931	4327.52	4328.71		0	0	6	119
2026.06.08	01:00:26.148	1780880426148	4327.29	4328.48		0	0	6	119
2026.06.08	01:00:26.255	1780880426255	4327.34	4328.53		0	0	6	119
2026.06.08	01:00:26.363	1780880426363	4327.14	4328.33		0	0	6	119
2026.06.08	01:00:26.467	1780880426467	4327.41	4328.60		0	0	6	119
2026.06.08	01:00:26.575	1780880426575	4327.69	4328.87		0	0	6	118
2026.06.08	01:00:26.681	1780880426681	4327.95	4329.14		0	0	6	119
2026.06.08	01:00:26.787	1780880426787	4328.12	4329.31		0	0	6	119
2026.06.08	01:00:26.894	1780880426894	4328.14	4329.33		0	0	6	119
2026.06.08	01:00:27.003	1780880427003	4328.41	4329.60		0	0	6	119
2026.06.08	01:00:27.108	1780880427108	4328.35	4329.54		0	0	6	119
2026.06.08	01:00:27.324	1780880427324	4328.15	4329.34		0	0	6	119
2026.06.08	01:00:27.430	1780880427430	4328.16	4329.35		0	0	6	119
2026.06.08	01:00:27.536	1780880427536	4328.44	4329.62		0	0	6	118
2026.06.08	01:00:27.643	1780880427643	4328.43	4329.61		0	0	6	118
2026.06.08	01:00:27.860	1780880427860	4328.69	4329.88		0	0	6	119
2026.06.08	01:00:27.966	1780880427966	4328.85	4330.04		0	0	6	119
2026.06.08	01:00:28.073	1780880428073	4328.82	4330.01		0	0	6	119
2026.06.08	01:00:28.178	1780880428178	4329.10	4330.28		0	0	6	118
2026.06.08	01:00:28.287	1780880428287	4329.09	4330.26		0	0	6	117
2026.06.08	01:00:28.393	1780880428393	4329.05	4330.22		0	0	6	117
2026.06.08	01:00:28.499	1780880428499	4329.09	4330.26		0	0	6	117
2026.06.08	01:00:28.721	1780880428721	4329.36	4330.54		0	0	6	118
2026.06.08	01:00:28.732	1780880428732	4329.63	4330.81		0	0	6	118
2026.06.08	01:00:28.753	1780880428753	4329.90	4331.08		0	0	6	118
2026.06.08	01:00:28.764	1780880428764	4330.10	4331.28		0	0	6	118
2026.06.08	01:00:28.793	1780880428793	4330.16	4331.34		0	0	6	118
2026.06.08	01:00:28.821	1780880428821	4330.00	4331.19		0	0	6	119
2026.06.08	01:00:29.435	1780880429435	4330.24	4331.49		0	0	6	125
2026.06.08	01:00:29.445	1780880429445	4330.51	4331.76		0	0	6	125
2026.06.08	01:00:29.465	1780880429465	4330.78	4332.03		0	0	6	125
2026.06.08	01:00:29.495	1780880429495	4331.05	4332.30		0	0	6	125
2026.06.08	01:00:29.517	1780880429517	4331.32	4332.57		0	0	6	125
2026.06.08	01:00:29.535	1780880429535	4331.59	4332.84		0	0	6	125
2026.06.08	01:00:29.566	1780880429566	4331.86	4333.11		0	0	6	125
2026.06.08	01:00:29.585	1780880429585	4332.13	4333.38		0	0	6	125
2026.06.08	01:00:29.649	1780880429649	4332.40	4333.65		0	0	6	125
2026.06.08	01:00:29.668	1780880429668	4332.67	4333.92		0	0	6	125
2026.06.08	01:00:29.699	1780880429699	4332.94	4334.19		0	0	6	125
2026.06.08	01:00:29.720	1780880429720	4333.21	4334.46		0	0	6	125
2026.06.08	01:00:29.730	1780880429730	4333.48	4334.73		0	0	6	125
2026.06.08	01:00:29.750	1780880429750	4333.75	4335.00		0	0	6	125
2026.06.08	01:00:29.781	1780880429781	4334.02	4335.27		0	0	6	125
2026.06.08	01:00:29.791	1780880429791	4333.75	4335.00		0	0	6	125
2026.06.08	01:00:29.800	1780880429800	4334.02	4335.27		0	0	6	125
2026.06.08	01:00:29.810	1780880429810	4333.95	4335.20		0	0	6	125
2026.06.08	01:00:29.841	1780880429841	4333.68	4334.93		0	0	6	125
2026.06.08	01:00:29.861	1780880429861	4333.41	4334.66		0	0	6	125
2026.06.08	01:00:29.881	1780880429881	4333.14	4334.39		0	0	6	125
2026.06.08	01:00:29.891	1780880429891	4332.87	4334.12		0	0	6	125
2026.06.08	01:00:29.900	1780880429900	4332.60	4333.85		0	0	6	125
2026.06.08	01:00:29.910	1780880429910	4332.87	4334.12		0	0	6	125
2026.06.08	01:00:29.920	1780880429920	4333.05	4334.30		0	0	6	125
2026.06.08	01:00:29.931	1780880429931	4332.95	4334.20		0	0	6	125
2026.06.08	01:00:29.949	1780880429949	4332.68	4333.93		0	0	6	125
2026.06.08	01:00:29.960	1780880429960	4332.44	4333.63		0	0	6	119
2026.06.08	01:00:29.981	1780880429981	4332.14	4333.39		0	0	6	125
2026.06.08	01:00:30.000	1780880430000	4332.41	4333.66		0	0	6	125
2026.06.08	01:00:30.020	1780880430020	4332.14	4333.39		0	0	6	125
2026.06.08	01:00:30.040	1780880430040	4332.41	4333.66		0	0	6	125
2026.06.08	01:00:30.050	1780880430050	4332.15	4333.40		0	0	6	125
2026.06.08	01:00:30.061	1780880430061	4332.42	4333.67		0	0	6	125
2026.06.08	01:00:30.114	1780880430114	4332.69	4333.94		0	0	6	125
2026.06.08	01:00:30.132	1780880430132	4332.96	4334.21		0	0	6	125
2026.06.08	01:00:30.162	1780880430162	4332.69	4333.94		0	0	6	125
2026.06.08	01:00:30.173	1780880430173	4332.42	4333.67		0	0	6	125
2026.06.08	01:00:30.204	1780880430204	4332.72	4333.91		0	0	6	119
2026.06.08	01:00:30.214	1780880430214	4332.99	4334.18		0	0	6	119
2026.06.08	01:00:30.545	1780880430545	4333.20	4334.45		0	0	6	125
2026.06.08	01:00:30.575	1780880430575	4333.05	4334.30		0	0	6	125
2026.06.08	01:00:30.635	1780880430635	4333.04	4334.29		0	0	6	125
2026.06.08	01:00:30.646	1780880430646	4333.12	4334.37		0	0	6	125
2026.06.08	01:00:30.686	1780880430686	4332.96	4334.21		0	0	6	125
2026.06.08	01:00:30.724	1780880430724	4332.69	4333.94		0	0	6	125
2026.06.08	01:00:30.816	1780880430816	4332.85	4334.10		0	0	6	125
2026.06.08	01:00:30.847	1780880430847	4332.86	4334.11		0	0	6	125
2026.06.08	01:00:30.858	1780880430858	4333.04	4334.29		0	0	6	125
2026.06.08	01:00:30.918	1780880430918	4332.77	4334.02		0	0	6	125
2026.06.08	01:00:30.957	1780880430957	4332.72	4333.97		0	0	6	125
2026.06.08	01:00:30.998	1780880430998	4333.02	4334.21		0	0	6	119
2026.06.08	01:00:31.041	1780880431041	4333.29	4334.48		0	0	6	119
2026.06.08	01:00:31.058	1780880431058	4333.48	4334.67		0	0	6	119
2026.06.08	01:00:31.069	1780880431069	4333.75	4334.94		0	0	6	119
2026.06.08	01:00:31.177	1780880431177	4333.48	4334.67		0	0	6	119
2026.06.08	01:00:31.285	1780880431285	4333.28	4334.47		0	0	6	119
2026.06.08	01:00:31.391	1780880431391	4333.16	4334.35		0	0	6	119
2026.06.08	01:00:31.497	1780880431497	4332.89	4334.08		0	0	6	119
2026.06.08	01:00:31.709	1780880431709	4333.16	4334.35		0	0	6	119
2026.06.08	01:00:31.817	1780880431817	4333.43	4334.62		0	0	6	119
2026.06.08	01:00:32.137	1780880432137	4333.62	4334.81		0	0	6	119
2026.06.08	01:00:32.243	1780880432243	4333.82	4335.01		0	0	6	119
2026.06.08	01:00:32.352	1780880432352	4333.75	4334.94		0	0	6	119
2026.06.08	01:00:32.459	1780880432459	4333.48	4334.67		0	0	6	119
2026.06.08	01:00:32.566	1780880432566	4333.52	4334.71		0	0	6	119
2026.06.08	01:00:32.673	1780880432673	4333.48	4334.67		0	0	6	119
2026.06.08	01:00:32.779	1780880432779	4333.20	4334.39		0	0	6	119
2026.06.08	01:00:32.887	1780880432887	4333.46	4334.65		0	0	6	119
2026.06.08	01:00:32.994	1780880432994	4333.37	4334.56		0	0	6	119
2026.06.08	01:00:33.100	1780880433100	4333.36	4334.55		0	0	6	119
2026.06.08	01:00:33.315	1780880433315	4333.09	4334.28		0	0	6	119
2026.06.08	01:00:33.420	1780880433420	4332.82	4334.01		0	0	6	119
2026.06.08	01:00:33.639	1780880433639	4332.55	4333.74		0	0	6	119
2026.06.08	01:00:33.743	1780880433743	4332.28	4333.47		0	0	6	119
2026.06.08	01:00:33.851	1780880433851	4332.01	4333.20		0	0	6	119
2026.06.08	01:00:34.064	1780880434064	4331.74	4332.93		0	0	6	119
2026.06.08	01:00:34.170	1780880434170	4331.47	4332.66		0	0	6	119
2026.06.08	01:00:34.276	1780880434276	4331.20	4332.39		0	0	6	119
2026.06.08	01:00:34.382	1780880434382	4331.01	4332.20		0	0	6	119
2026.06.08	01:00:34.491	1780880434491	4331.04	4332.23		0	0	6	119
2026.06.08	01:00:34.600	1780880434600	4331.15	4332.34		0	0	6	119
2026.06.08	01:00:34.705	1780880434705	4331.16	4332.35		0	0	6	119
2026.06.08	01:00:34.814	1780880434814	4331.17	4332.36		0	0	6	119
2026.06.08	01:00:35.131	1780880435131	4330.90	4332.09		0	0	6	119
2026.06.08	01:00:35.241	1780880435241	4331.07	4332.26		0	0	6	119
2026.06.08	01:00:35.349	1780880435349	4331.18	4332.37		0	0	6	119
2026.06.08	01:00:35.666	1780880435666	4331.19	4332.38		0	0	6	119
2026.06.08	01:00:35.775	1780880435775	4331.20	4332.39		0	0	6	119
2026.06.08	01:00:35.880	1780880435880	4331.08	4332.27		0	0	6	119
2026.06.08	01:00:35.990	1780880435990	4331.09	4332.28		0	0	6	119
2026.06.08	01:00:36.096	1780880436096	4331.13	4332.32		0	0	6	119
2026.06.08	01:00:36.202	1780880436202	4331.10	4332.29		0	0	6	119
2026.06.08	01:00:36.309	1780880436309	4331.06	4332.25		0	0	6	119
2026.06.08	01:00:36.523	1780880436523	4331.11	4332.30		0	0	6	119
2026.06.08	01:00:36.630	1780880436630	4331.08	4332.27		0	0	6	119
2026.06.08	01:00:36.953	1780880436953	4331.00	4332.19		0	0	6	119
2026.06.08	01:00:37.057	1780880437057	4331.12	4332.31		0	0	6	119
2026.06.08	01:00:37.166	1780880437166	4330.85	4332.04		0	0	6	119
2026.06.08	01:00:37.273	1780880437273	4330.63	4331.79		0	0	6	116
2026.06.08	01:00:37.380	1780880437380	4330.66	4331.82		0	0	6	116
2026.06.08	01:00:37.807	1780880437807	4330.37	4331.56		0	0	6	119
2026.06.08	01:00:38.020	1780880438020	4330.10	4331.29		0	0	6	119
2026.06.08	01:00:38.128	1780880438128	4329.83	4331.02		0	0	6	119
2026.06.08	01:00:38.235	1780880438235	4329.60	4330.79		0	0	6	119
2026.06.08	01:00:38.340	1780880438340	4329.39	4330.58		0	0	6	119
2026.06.08	01:00:38.608	1780880438608	4329.63	4330.88		0	0	6	125
2026.06.08	01:00:38.617	1780880438617	4329.91	4331.16		0	0	6	125
2026.06.08	01:00:38.659	1780880438659	4330.20	4331.39		0	0	6	119
2026.06.08	01:00:38.668	1780880438668	4330.48	4331.67		0	0	6	119
2026.06.08	01:00:38.679	1780880438679	4330.75	4331.94		0	0	6	119
2026.06.08	01:00:38.689	1780880438689	4331.02	4332.21		0	0	6	119
2026.06.08	01:00:38.730	1780880438730	4331.29	4332.48		0	0	6	119
2026.06.08	01:00:38.760	1780880438760	4331.56	4332.75		0	0	6	119
2026.06.08	01:00:38.770	1780880438770	4331.71	4332.90		0	0	6	119
2026.06.08	01:00:38.983	1780880438983	4331.98	4333.17		0	0	6	119
2026.06.08	01:00:39.091	1780880439091	4331.71	4332.90		0	0	6	119
2026.06.08	01:00:39.325	1780880439325	4331.58	4332.77		0	0	6	119
2026.06.08	01:00:39.353	1780880439353	4331.54	4332.73		0	0	6	119
2026.06.08	01:00:39.363	1780880439363	4331.72	4332.91		0	0	6	119
2026.06.08	01:00:39.410	1780880439410	4331.99	4333.18		0	0	6	119
2026.06.08	01:00:39.519	1780880439519	4332.26	4333.45		0	0	6	119
2026.06.08	01:00:39.627	1780880439627	4332.33	4333.52		0	0	6	119
2026.06.08	01:00:39.838	1780880439838	4332.21	4333.40		0	0	6	119
2026.06.08	01:00:39.946	1780880439946	4331.94	4333.13		0	0	6	119
2026.06.08	01:00:40.234	1780880440234	4331.67	4332.86		0	0	6	119
2026.06.08	01:00:40.255	1780880440255	4331.40	4332.59		0	0	6	119
2026.06.08	01:00:40.267	1780880440267	4331.13	4332.32		0	0	6	119
2026.06.08	01:00:40.374	1780880440374	4331.28	4332.47		0	0	6	119
2026.06.08	01:00:40.481	1780880440481	4331.15	4332.34		0	0	6	119
2026.06.08	01:00:40.694	1780880440694	4330.93	4332.12		0	0	6	119
2026.06.08	01:00:40.987	1780880440987	4331.20	4332.39		0	0	6	119
2026.06.08	01:00:41.007	1780880441007	4331.48	4332.67		0	0	6	119
2026.06.08	01:00:41.018	1780880441018	4331.75	4332.94		0	0	6	119
2026.06.08	01:00:41.027	1780880441027	4331.99	4333.24		0	0	6	125
2026.06.08	01:00:41.079	1780880441079	4332.26	4333.51		0	0	6	125
2026.06.08	01:00:41.108	1780880441108	4332.48	4333.73		0	0	6	125
2026.06.08	01:00:41.126	1780880441126	4332.21	4333.46		0	0	6	125
2026.06.08	01:00:41.147	1780880441147	4332.48	4333.73		0	0	6	125
2026.06.08	01:00:41.196	1780880441196	4332.53	4333.78		0	0	6	125
2026.06.08	01:00:41.207	1780880441207	4332.65	4333.90		0	0	6	125
2026.06.08	01:00:41.236	1780880441236	4332.52	4333.71		0	0	6	119
2026.06.08	01:00:41.246	1780880441246	4332.34	4333.53		0	0	6	119
2026.06.08	01:00:41.287	1780880441287	4332.12	4333.37		0	0	6	125
2026.06.08	01:00:41.307	1780880441307	4332.40	4333.65		0	0	6	125
2026.06.08	01:00:41.349	1780880441349	4332.31	4333.50		0	0	6	119
2026.06.08	01:00:41.360	1780880441360	4332.04	4333.23		0	0	6	119
2026.06.08	01:00:41.391	1780880441391	4331.90	4333.09		0	0	6	119
2026.06.08	01:00:41.421	1780880441421	4331.84	4333.03		0	0	6	119
2026.06.08	01:00:41.441	1780880441441	4331.64	4332.83		0	0	6	119
2026.06.08	01:00:41.442	1780880441442	4331.66	4332.85		0	0	6	119
2026.06.08	01:00:41.742	1780880441742	4331.36	4332.61		0	0	6	125
2026.06.08	01:00:41.763	1780880441763	4331.29	4332.48		0	0	6	119
2026.06.08	01:00:41.782	1780880441782	4331.56	4332.75		0	0	6	119
2026.06.08	01:00:41.793	1780880441793	4331.83	4333.02		0	0	6	119
2026.06.08	01:00:41.803	1780880441803	4331.69	4332.88		0	0	6	119
2026.06.08	01:00:41.834	1780880441834	4331.60	4332.79		0	0	6	119
2026.06.08	01:00:41.872	1780880441872	4331.72	4332.91		0	0	6	119
2026.06.08	01:00:42.135	1780880442135	4331.99	4333.18		0	0	6	119
2026.06.08	01:00:42.144	1780880442144	4332.26	4333.45		0	0	6	119
2026.06.08	01:00:42.154	1780880442154	4332.53	4333.72		0	0	6	119
2026.06.08	01:00:42.164	1780880442164	4332.80	4333.99		0	0	6	119
2026.06.08	01:00:42.174	1780880442174	4332.53	4333.72		0	0	6	119
2026.06.08	01:00:42.192	1780880442192	4332.26	4333.45		0	0	6	119
2026.06.08	01:00:42.492	1780880442492	4332.53	4333.72		0	0	6	119
2026.06.08	01:00:42.523	1780880442523	4332.80	4333.99		0	0	6	119
2026.06.08	01:00:42.533	1780880442533	4332.53	4333.72		0	0	6	119
2026.06.08	01:00:42.544	1780880442544	4332.77	4333.96		0	0	6	119
2026.06.08	01:00:42.554	1780880442554	4332.76	4333.95		0	0	6	119
2026.06.08	01:00:42.590	1780880442590	4332.64	4333.83		0	0	6	119
2026.06.08	01:00:42.620	1780880442620	4332.75	4333.94		0	0	6	119
2026.06.08	01:00:42.660	1780880442660	4332.80	4333.99		0	0	6	119
2026.06.08	01:00:42.672	1780880442672	4332.64	4333.83		0	0	6	119
2026.06.08	01:00:42.682	1780880442682	4332.47	4333.66		0	0	6	119
2026.06.08	01:00:42.724	1780880442724	4332.52	4333.71		0	0	6	119
2026.06.08	01:00:42.752	1780880442752	4332.75	4333.94		0	0	6	119
2026.06.08	01:00:42.783	1780880442783	4332.73	4333.92		0	0	6	119
2026.06.08	01:00:42.793	1780880442793	4332.68	4333.87		0	0	6	119
2026.06.08	01:00:42.820	1780880442820	4332.76	4333.95		0	0	6	119
2026.06.08	01:00:42.834	1780880442834	4333.03	4334.22		0	0	6	119
2026.06.08	01:00:42.940	1780880442940	4333.30	4334.49		0	0	6	119
2026.06.08	01:00:43.048	1780880443048	4333.42	4334.61		0	0	6	119
2026.06.08	01:00:43.261	1780880443261	4333.69	4334.88		0	0	6	119
2026.06.08	01:00:43.370	1780880443370	4333.96	4335.15		0	0	6	119
2026.06.08	01:00:43.477	1780880443477	4334.11	4335.30		0	0	6	119
2026.06.08	01:00:43.585	1780880443585	4334.24	4335.40		0	0	6	116
2026.06.08	01:00:43.796	1780880443796	4334.25	4335.41		0	0	6	116
2026.06.08	01:00:43.904	1780880443904	4334.19	4335.38		0	0	6	119
2026.06.08	01:00:44.010	1780880444010	4334.48	4335.64		0	0	6	116
2026.06.08	01:00:44.118	1780880444118	4334.56	4335.72		0	0	6	116
2026.06.08	01:00:44.226	1780880444226	4334.42	4335.58		0	0	6	116
2026.06.08	01:00:44.333	1780880444333	4334.14	4335.31		0	0	6	117
2026.06.08	01:00:44.438	1780880444438	4334.33	4335.52		0	0	6	119
2026.06.08	01:00:44.545	1780880444545	4334.57	4335.76		0	0	6	119
2026.06.08	01:00:44.653	1780880444653	4334.38	4335.56		0	0	6	118
2026.06.08	01:00:44.760	1780880444760	4334.48	4335.65		0	0	6	117
2026.06.08	01:00:44.865	1780880444865	4334.74	4335.92		0	0	6	118
2026.06.08	01:00:44.974	1780880444974	4334.93	4336.09		0	0	6	116
2026.06.08	01:00:45.082	1780880445082	4334.78	4335.97		0	0	6	119
2026.06.08	01:00:45.189	1780880445189	4335.01	4336.19		0	0	6	118
2026.06.08	01:00:45.296	1780880445296	4334.85	4336.04		0	0	6	119
2026.06.08	01:00:45.400	1780880445400	4334.61	4335.79		0	0	6	118
2026.06.08	01:00:45.509	1780880445509	4334.51	4335.68		0	0	6	117
2026.06.08	01:00:45.696	1780880445696	4334.24	4335.42		0	0	6	118
2026.06.08	01:00:45.735	1780880445735	4333.97	4335.15		0	0	6	118
2026.06.08	01:00:45.756	1780880445756	4333.70	4334.88		0	0	6	118
2026.06.08	01:00:45.767	1780880445767	4333.43	4334.61		0	0	6	118
2026.06.08	01:00:45.788	1780880445788	4333.23	4334.41		0	0	6	118
2026.06.08	01:00:45.798	1780880445798	4333.39	4334.57		0	0	6	118
2026.06.08	01:00:45.824	1780880445824	4333.41	4334.59		0	0	6	118
2026.06.08	01:00:45.853	1780880445853	4333.44	4334.62		0	0	6	118
2026.06.08	01:00:45.895	1780880445895	4333.41	4334.59		0	0	6	118
2026.06.08	01:00:45.904	1780880445904	4333.68	4334.86		0	0	6	118
2026.06.08	01:00:45.914	1780880445914	4333.63	4334.81		0	0	6	118
2026.06.08	01:00:45.924	1780880445924	4333.74	4334.92		0	0	6	118
2026.06.08	01:00:45.965	1780880445965	4333.75	4334.93		0	0	6	118
2026.06.08	01:00:45.984	1780880445984	4333.85	4335.03		0	0	6	118
2026.06.08	01:00:45.994	1780880445994	4333.58	4334.76		0	0	6	118
2026.06.08	01:00:46.004	1780880446004	4333.62	4334.80		0	0	6	118
2026.06.08	01:00:46.044	1780880446044	4333.63	4334.81		0	0	6	118
2026.06.08	01:00:46.055	1780880446055	4333.61	4334.79		0	0	6	118
2026.06.08	01:00:46.074	1780880446074	4333.36	4334.54		0	0	6	118
2026.06.08	01:00:46.084	1780880446084	4333.45	4334.63		0	0	6	118
2026.06.08	01:00:46.095	1780880446095	4333.38	4334.56		0	0	6	118
2026.06.08	01:00:46.113	1780880446113	4333.58	4334.76		0	0	6	118
2026.06.08	01:00:46.146	1780880446146	4333.31	4334.49		0	0	6	118
2026.06.08	01:00:46.154	1780880446154	4333.55	4334.73		0	0	6	118
2026.06.08	01:00:46.174	1780880446174	4333.51	4334.69		0	0	6	118
2026.06.08	01:00:46.205	1780880446205	4333.55	4334.73		0	0	6	118
2026.06.08	01:00:46.233	1780880446233	4333.46	4334.64		0	0	6	118
2026.06.08	01:00:46.243	1780880446243	4333.56	4334.74		0	0	6	118
2026.06.08	01:00:46.253	1780880446253	4333.45	4334.63		0	0	6	118
2026.06.08	01:00:46.285	1780880446285	4333.53	4334.71		0	0	6	118
2026.06.08	01:00:46.315	1780880446315	4333.46	4334.64		0	0	6	118
2026.06.08	01:00:46.325	1780880446325	4333.30	4334.48		0	0	6	118
2026.06.08	01:00:46.334	1780880446334	4333.42	4334.60		0	0	6	118
2026.06.08	01:00:46.365	1780880446365	4333.44	4334.62		0	0	6	118
2026.06.08	01:00:46.384	1780880446384	4333.59	4334.77		0	0	6	118
2026.06.08	01:00:46.394	1780880446394	4333.42	4334.60		0	0	6	118
2026.06.08	01:00:46.404	1780880446404	4333.51	4334.69		0	0	6	118
2026.06.08	01:00:46.433	1780880446433	4333.41	4334.59		0	0	6	118
2026.06.08	01:00:46.443	1780880446443	4333.59	4334.77		0	0	6	118
2026.06.08	01:00:46.454	1780880446454	4333.53	4334.71		0	0	6	118
2026.06.08	01:00:46.463	1780880446463	4333.31	4334.49		0	0	6	118
2026.06.08	01:00:46.505	1780880446505	4333.29	4334.47		0	0	6	118
2026.06.08	01:00:46.535	1780880446535	4333.02	4334.20		0	0	6	118
2026.06.08	01:00:46.545	1780880446545	4332.75	4333.99		0	0	6	124
2026.06.08	01:00:46.585	1780880446585	4333.05	4334.23		0	0	6	118
2026.06.08	01:00:46.604	1780880446604	4333.07	4334.25		0	0	6	118
2026.06.08	01:00:46.614	1780880446614	4333.28	4334.46		0	0	6	118
2026.06.08	01:00:46.624	1780880446624	4333.50	4334.68		0	0	6	118
2026.06.08	01:00:46.653	1780880446653	4333.31	4334.49		0	0	6	118
2026.06.08	01:00:46.694	1780880446694	4333.33	4334.51		0	0	6	118
2026.06.08	01:00:46.714	1780880446714	4333.19	4334.37		0	0	6	118
2026.06.08	01:00:46.753	1780880446753	4333.14	4334.32		0	0	6	118
2026.06.08	01:00:46.784	1780880446784	4332.98	4334.16		0	0	6	118
2026.06.08	01:00:46.792	1780880446792	4333.24	4334.43		0	0	6	119
2026.06.08	01:00:46.963	1780880446963	4333.51	4334.70		0	0	6	119
2026.06.08	01:00:46.996	1780880446996	4333.78	4334.97		0	0	6	119
2026.06.08	01:00:47.005	1780880447005	4333.88	4335.07		0	0	6	119
2026.06.08	01:00:47.113	1780880447113	4333.81	4335.00		0	0	6	119
2026.06.08	01:00:47.329	1780880447329	4333.55	4334.73		0	0	6	118
2026.06.08	01:00:47.435	1780880447435	4333.60	4334.79		0	0	6	119
2026.06.08	01:00:47.541	1780880447541	4333.87	4335.06		0	0	6	119
2026.06.08	01:00:47.648	1780880447648	4333.80	4334.99		0	0	6	119
2026.06.08	01:00:47.755	1780880447755	4333.53	4334.72		0	0	6	119
2026.06.08	01:00:47.862	1780880447862	4333.26	4334.45		0	0	6	119
2026.06.08	01:00:47.969	1780880447969	4333.29	4334.48		0	0	6	119
2026.06.08	01:00:48.074	1780880448074	4333.25	4334.44		0	0	6	119
2026.06.08	01:00:48.183	1780880448183	4333.28	4334.42		0	0	6	114
2026.06.08	01:00:48.290	1780880448290	4333.13	4334.32		0	0	6	119
2026.06.08	01:00:48.397	1780880448397	4333.42	4334.57		0	0	6	115
2026.06.08	01:00:48.611	1780880448611	4333.69	4334.84		0	0	6	115
2026.06.08	01:00:48.719	1780880448719	4333.95	4335.13		0	0	6	118
2026.06.08	01:00:48.826	1780880448826	4334.09	4335.27		0	0	6	118
2026.06.08	01:00:48.936	1780880448936	4334.11	4335.29		0	0	6	118
2026.06.08	01:00:49.280	1780880449280	4334.03	4335.21		0	0	6	118
2026.06.08	01:00:49.314	1780880449314	4334.12	4335.30		0	0	6	118
2026.06.08	01:00:49.332	1780880449332	4334.16	4335.34		0	0	6	118
2026.06.08	01:00:49.342	1780880449342	4333.89	4335.07		0	0	6	118
2026.06.08	01:00:49.352	1780880449352	4334.08	4335.26		0	0	6	118
2026.06.08	01:00:49.372	1780880449372	4334.01	4335.19		0	0	6	118
2026.06.08	01:00:49.401	1780880449401	4333.84	4335.02		0	0	6	118
2026.06.08	01:00:49.410	1780880449410	4333.95	4335.13		0	0	6	118
2026.06.08	01:00:49.420	1780880449420	4333.84	4335.02		0	0	6	118
2026.06.08	01:00:49.430	1780880449430	4333.96	4335.14		0	0	6	118
2026.06.08	01:00:49.481	1780880449481	4334.07	4335.25		0	0	6	118
2026.06.08	01:00:49.492	1780880449492	4333.82	4335.00		0	0	6	118
2026.06.08	01:00:49.502	1780880449502	4333.96	4335.14		0	0	6	118
2026.06.08	01:00:49.552	1780880449552	4334.23	4335.41		0	0	6	118
2026.06.08	01:00:49.583	1780880449583	4334.32	4335.50		0	0	6	118
2026.06.08	01:00:49.593	1780880449593	4334.49	4335.67		0	0	6	118
2026.06.08	01:00:49.623	1780880449623	4334.53	4335.71		0	0	6	118
2026.06.08	01:00:49.651	1780880449651	4334.57	4335.75		0	0	6	118
2026.06.08	01:00:49.662	1780880449662	4334.47	4335.65		0	0	6	118
2026.06.08	01:00:49.671	1780880449671	4334.54	4335.72		0	0	6	118
2026.06.08	01:00:49.679	1780880449679	4334.26	4335.44		0	0	6	118
2026.06.08	01:00:49.895	1780880449895	4334.11	4335.29		0	0	6	118
2026.06.08	01:00:50.154	1780880450154	4333.80	4335.04		0	0	6	124
2026.06.08	01:00:50.164	1780880450164	4333.53	4334.77		0	0	6	124
2026.06.08	01:00:50.193	1780880450193	4333.31	4334.55		0	0	6	124
2026.06.08	01:00:50.216	1780880450216	4333.59	4334.83		0	0	6	124
2026.06.08	01:00:50.524	1780880450524	4333.34	4334.58		0	0	6	124
2026.06.08	01:00:50.593	1780880450593	4333.43	4334.67		0	0	6	124
2026.06.08	01:00:50.603	1780880450603	4333.70	4334.94		0	0	6	124
2026.06.08	01:00:50.633	1780880450633	4333.51	4334.75		0	0	6	124
2026.06.08	01:00:50.654	1780880450654	4333.23	4334.47		0	0	6	124
2026.06.08	01:00:50.664	1780880450664	4333.46	4334.70		0	0	6	124
2026.06.08	01:00:50.674	1780880450674	4333.73	4334.97		0	0	6	124
2026.06.08	01:00:50.695	1780880450695	4333.94	4335.18		0	0	6	124
2026.06.08	01:00:50.706	1780880450706	4333.67	4334.91		0	0	6	124
2026.06.08	01:00:50.715	1780880450715	4333.64	4334.88		0	0	6	124
2026.06.08	01:00:50.725	1780880450725	4333.70	4334.94		0	0	6	124
2026.06.08	01:00:50.753	1780880450753	4333.48	4334.72		0	0	6	124
2026.06.08	01:00:50.784	1780880450784	4333.37	4334.61		0	0	6	124
2026.06.08	01:00:50.804	1780880450804	4333.48	4334.72		0	0	6	124
2026.06.08	01:00:50.853	1780880450853	4333.21	4334.45		0	0	6	124
2026.06.08	01:00:50.893	1780880450893	4333.22	4334.46		0	0	6	124
2026.06.08	01:00:50.944	1780880450944	4333.18	4334.42		0	0	6	124
2026.06.08	01:00:50.974	1780880450974	4333.35	4334.59		0	0	6	124
2026.06.08	01:00:51.005	1780880451005	4333.18	4334.42		0	0	6	124
2026.06.08	01:00:51.024	1780880451024	4333.02	4334.26		0	0	6	124
2026.06.08	01:00:51.064	1780880451064	4333.21	4334.45		0	0	6	124
2026.06.08	01:00:51.094	1780880451094	4333.23	4334.47		0	0	6	124
2026.06.08	01:00:51.133	1780880451133	4333.52	4334.73		0	0	6	121
2026.06.08	01:00:51.143	1780880451143	4333.79	4335.00		0	0	6	121
2026.06.08	01:00:51.153	1780880451153	4334.06	4335.27		0	0	6	121
2026.06.08	01:00:51.173	1780880451173	4334.33	4335.54		0	0	6	121
2026.06.08	01:00:51.177	1780880451177	4334.20	4335.41		0	0	6	121
2026.06.08	01:00:51.605	1780880451605	4334.23	4335.44		0	0	6	121
2026.06.08	01:00:51.712	1780880451712	4334.22	4335.43		0	0	6	121
2026.06.08	01:00:51.820	1780880451820	4334.14	4335.36		0	0	6	122
2026.06.08	01:00:51.928	1780880451928	4334.11	4335.33		0	0	6	122
2026.06.08	01:00:52.140	1780880452140	4334.10	4335.32		0	0	6	122
2026.06.08	01:00:52.250	1780880452250	4334.09	4335.31		0	0	6	122
2026.06.08	01:00:52.570	1780880452570	4334.00	4335.22		0	0	6	122
2026.06.08	01:00:52.675	1780880452675	4333.82	4335.04		0	0	6	122
2026.06.08	01:00:52.890	1780880452890	4333.80	4335.02		0	0	6	122
2026.06.08	01:00:52.997	1780880452997	4333.82	4335.02		0	0	2	120
2026.06.08	01:00:53.103	1780880453103	4333.84	4335.02		0	0	2	118
2026.06.08	01:00:53.532	1780880453532	4333.85	4335.03		0	0	6	118
2026.06.08	01:00:53.638	1780880453638	4333.85	4335.04		0	0	4	119
2026.06.08	01:00:53.952	1780880453952	4333.75	4334.94		0	0	6	119
2026.06.08	01:00:54.178	1780880454178	4333.67	4334.86		0	0	6	119
2026.06.08	01:00:54.178	1780880454178	4333.82	4335.01		0	0	6	119
2026.06.08	01:00:54.178	1780880454178	4333.80	4334.99		0	0	6	119
2026.06.08	01:00:54.178	1780880454178	4333.77	4334.96		0	0	6	119
2026.06.08	01:00:54.178	1780880454178	4333.78	4334.97		0	0	6	119
2026.06.08	01:00:54.541	1780880454541	4333.62	4334.81		0	0	6	119
2026.06.08	01:00:54.572	1780880454572	4333.60	4334.79		0	0	6	119
2026.06.08	01:00:54.603	1780880454603	4333.61	4334.80		0	0	6	119
2026.06.08	01:00:54.611	1780880454611	4333.48	4334.67		0	0	6	119
2026.06.08	01:00:54.622	1780880454622	4333.73	4334.92		0	0	6	119
2026.06.08	01:00:54.631	1780880454631	4333.62	4334.81		0	0	6	119
2026.06.08	01:00:54.709	1780880454709	4333.81	4335.00		0	0	6	119
2026.06.08	01:00:55.154	1780880455154	4333.75	4334.94		0	0	6	119
2026.06.08	01:00:55.184	1780880455184	4333.73	4334.92		0	0	6	119
2026.06.08	01:00:55.354	1780880455354	4333.76	4334.95		0	0	6	119
2026.06.08	01:00:55.387	1780880455387	4333.68	4334.87		0	0	6	119
2026.06.08	01:00:55.396	1780880455396	4333.62	4334.81		0	0	6	119
2026.06.08	01:00:55.426	1780880455426	4333.64	4334.83		0	0	6	119
2026.06.08	01:00:55.597	1780880455597	4333.67	4334.85		0	0	6	118
2026.06.08	01:00:55.886	1780880455886	4333.82	4335.00		0	0	6	118
2026.06.08	01:00:56.420	1780880456420	4333.78	4334.95		0	0	6	117
2026.06.08	01:00:57.278	1780880457278	4333.51	4334.67		0	0	6	116
2026.06.08	01:00:57.383	1780880457383	4333.25	4334.40		0	0	6	115
2026.06.08	01:00:57.705	1780880457705	4333.16	4334.31		0	0	6	115
2026.06.08	01:00:57.812	1780880457812	4332.87	4334.06		0	0	6	119
2026.06.08	01:00:57.918	1780880457918	4332.61	4333.79		0	0	6	118
2026.06.08	01:00:58.639	1780880458639	4332.51	4333.69		0	0	6	118
2026.06.08	01:00:58.649	1780880458649	4332.39	4333.57		0	0	6	118
2026.06.08	01:00:58.667	1780880458667	4332.40	4333.58		0	0	6	118
2026.06.08	01:00:59.041	1780880459041	4332.12	4333.31		0	0	6	119
2026.06.08	01:00:59.051	1780880459051	4331.85	4333.04		0	0	6	119
2026.06.08	01:00:59.103	1780880459103	4331.58	4332.77		0	0	6	119
2026.06.08	01:00:59.123	1780880459123	4331.31	4332.50		0	0	6	119
2026.06.08	01:00:59.144	1780880459144	4331.43	4332.62		0	0	6	119
2026.06.08	01:00:59.183	1780880459183	4331.44	4332.63		0	0	6	119
2026.06.08	01:00:59.203	1780880459203	4331.71	4332.90		0	0	6	119
2026.06.08	01:00:59.416	1780880459416	4331.99	4333.18		0	0	6	119
2026.06.08	01:00:59.631	1780880459631	4331.96	4333.15		0	0	6	119
2026.06.08	01:00:59.986	1780880459986	4331.69	4332.88		0	0	6	119
2026.06.08	01:01:00.017	1780880460017	4331.42	4332.61		0	0	6	119
2026.06.08	01:01:00.037	1780880460037	4331.15	4332.34		0	0	6	119
2026.06.08	01:01:00.067	1780880460067	4330.88	4332.07		0	0	6	119
2026.06.08	01:01:00.087	1780880460087	4330.62	4331.81		0	0	6	119
2026.06.08	01:01:00.097	1780880460097	4330.56	4331.75		0	0	6	119
2026.06.08	01:01:00.139	1780880460139	4330.52	4331.71		0	0	6	119
2026.06.08	01:01:00.158	1780880460158	4330.47	4331.66		0	0	6	119
2026.06.08	01:01:00.169	1780880460169	4330.54	4331.73		0	0	6	119
2026.06.08	01:01:00.197	1780880460197	4330.37	4331.56		0	0	6	119
2026.06.08	01:01:00.219	1780880460219	4330.44	4331.63		0	0	6	119
2026.06.08	01:01:00.228	1780880460228	4330.37	4331.56		0	0	6	119
2026.06.08	01:01:00.238	1780880460238	4330.30	4331.49		0	0	6	119
2026.06.08	01:01:00.248	1780880460248	4330.10	4331.29		0	0	6	119
2026.06.08	01:01:00.278	1780880460278	4330.13	4331.32		0	0	6	119
2026.06.08	01:01:00.298	1780880460298	4330.30	4331.49		0	0	6	119
2026.06.08	01:01:00.308	1780880460308	4330.49	4331.68		0	0	6	119
2026.06.08	01:01:00.347	1780880460347	4330.60	4331.79		0	0	6	119
2026.06.08	01:01:00.388	1780880460388	4330.66	4331.85		0	0	6	119
2026.06.08	01:01:00.438	1780880460438	4330.54	4331.73		0	0	6	119
2026.06.08	01:01:00.468	1780880460468	4330.66	4331.85		0	0	6	119
2026.06.08	01:01:00.610	1780880460610	4330.60	4331.79		0	0	6	119
2026.06.08	01:01:00.630	1780880460630	4330.71	4331.90		0	0	6	119
2026.06.08	01:01:00.640	1780880460640	4330.79	4331.98		0	0	6	119
2026.06.08	01:01:00.651	1780880460651	4330.98	4332.17		0	0	6	119
2026.06.08	01:01:00.662	1780880460662	4330.70	4331.89		0	0	6	119
2026.06.08	01:01:00.671	1780880460671	4330.43	4331.62		0	0	6	119
2026.06.08	01:01:00.681	1780880460681	4330.70	4331.89		0	0	6	119
2026.06.08	01:01:00.711	1780880460711	4330.98	4332.17		0	0	6	119
2026.06.08	01:01:00.727	1780880460727	4330.83	4332.02		0	0	6	119
2026.06.08	01:01:00.758	1780880460758	4330.56	4331.75		0	0	6	119
2026.06.08	01:01:00.768	1780880460768	4330.29	4331.48		0	0	6	119
2026.06.08	01:01:00.778	1780880460778	4330.02	4331.21		0	0	6	119
2026.06.08	01:01:00.877	1780880460877	4329.87	4331.06		0	0	6	119
2026.06.08	01:01:00.888	1780880460888	4329.92	4331.11		0	0	6	119
2026.06.08	01:01:00.919	1780880460919	4329.75	4330.94		0	0	6	119
2026.06.08	01:01:00.969	1780880460969	4329.87	4331.06		0	0	6	119
2026.06.08	01:01:00.989	1780880460989	4329.60	4330.79		0	0	6	119
2026.06.08	01:01:00.999	1780880460999	4329.65	4330.84		0	0	6	119
2026.06.08	01:01:01.058	1780880461058	4329.62	4330.81		0	0	6	119
2026.06.08	01:01:01.091	1780880461091	4329.59	4330.78		0	0	6	119
2026.06.08	01:01:01.151	1780880461151	4329.51	4330.70		0	0	6	119
2026.06.08	01:01:01.180	1780880461180	4329.52	4330.71		0	0	6	119
2026.06.08	01:01:01.278	1780880461278	4329.57	4330.76		0	0	6	119
2026.06.08	01:01:01.377	1780880461377	4329.68	4330.87		0	0	6	119
2026.06.08	01:01:01.389	1780880461389	4329.95	4331.14		0	0	6	119
2026.06.08	01:01:01.418	1780880461418	4330.02	4331.21		0	0	6	119
2026.06.08	01:01:01.450	1780880461450	4330.01	4331.20		0	0	6	119
2026.06.08	01:01:01.528	1780880461528	4329.71	4330.96		0	0	6	125
2026.06.08	01:01:01.559	1780880461559	4329.47	4330.66		0	0	6	119
2026.06.08	01:01:01.569	1780880461569	4329.20	4330.39		0	0	6	119
2026.06.08	01:01:01.599	1780880461599	4329.08	4330.27		0	0	6	119
2026.06.08	01:01:01.619	1780880461619	4329.35	4330.54		0	0	6	119
2026.06.08	01:01:01.640	1780880461640	4329.24	4330.43		0	0	6	119
2026.06.08	01:01:01.658	1780880461658	4329.49	4330.74		0	0	6	125
2026.06.08	01:01:01.707	1780880461707	4329.76	4331.01		0	0	6	125
2026.06.08	01:01:01.750	1780880461750	4330.06	4331.25		0	0	6	119
2026.06.08	01:01:01.770	1780880461770	4330.33	4331.52		0	0	6	119
2026.06.08	01:01:01.780	1780880461780	4330.60	4331.79		0	0	6	119
2026.06.08	01:01:01.818	1780880461818	4330.46	4331.65		0	0	6	119
2026.06.08	01:01:01.849	1780880461849	4330.16	4331.41		0	0	6	125
2026.06.08	01:01:01.899	1780880461899	4329.92	4331.11		0	0	6	119
2026.06.08	01:01:01.908	1780880461908	4330.03	4331.22		0	0	6	119
2026.06.08	01:01:01.948	1780880461948	4329.77	4331.02		0	0	6	125
2026.06.08	01:01:01.988	1780880461988	4329.62	4330.81		0	0	6	119
2026.06.08	01:01:02.017	1780880462017	4329.73	4330.92		0	0	6	119
2026.06.08	01:01:02.047	1780880462047	4329.74	4330.93		0	0	6	119
2026.06.08	01:01:02.138	1780880462138	4329.62	4330.81		0	0	6	119
2026.06.08	01:01:02.168	1780880462168	4329.82	4331.01		0	0	6	119
2026.06.08	01:01:02.188	1780880462188	4330.02	4331.21		0	0	6	119
2026.06.08	01:01:02.219	1780880462219	4330.15	4331.34		0	0	6	119
2026.06.08	01:01:02.229	1780880462229	4330.31	4331.50		0	0	6	119
2026.06.08	01:01:02.239	1780880462239	4330.41	4331.60		0	0	6	119
2026.06.08	01:01:02.248	1780880462248	4330.11	4331.36		0	0	6	125
2026.06.08	01:01:02.287	1780880462287	4329.84	4331.09		0	0	6	125
2026.06.08	01:01:02.308	1780880462308	4329.88	4331.07		0	0	6	119
2026.06.08	01:01:02.337	1780880462337	4329.98	4331.17		0	0	6	119
2026.06.08	01:01:02.408	1780880462408	4330.25	4331.44		0	0	6	119
2026.06.08	01:01:02.438	1780880462438	4330.29	4331.48		0	0	6	119
2026.06.08	01:01:02.468	1780880462468	4330.19	4331.38		0	0	6	119
2026.06.08	01:01:02.498	1780880462498	4330.23	4331.42		0	0	6	119
2026.06.08	01:01:02.508	1780880462508	4330.44	4331.63		0	0	6	119
2026.06.08	01:01:02.579	1780880462579	4330.48	4331.67		0	0	6	119
2026.06.08	01:01:02.609	1780880462609	4330.56	4331.75		0	0	6	119
2026.06.08	01:01:02.751	1780880462751	4330.61	4331.80		0	0	6	119
2026.06.08	01:01:02.778	1780880462778	4330.63	4331.82		0	0	6	119
2026.06.08	01:01:02.979	1780880462979	4330.56	4331.75		0	0	6	119
2026.06.08	01:01:02.999	1780880462999	4330.79	4331.98		0	0	6	119
2026.06.08	01:01:03.056	1780880463056	4330.83	4332.02		0	0	6	119
2026.06.08	01:01:03.078	1780880463078	4331.06	4332.25		0	0	6	119
2026.06.08	01:01:03.087	1780880463087	4331.24	4332.43		0	0	6	119
2026.06.08	01:01:03.127	1780880463127	4331.29	4332.48		0	0	6	119
2026.06.08	01:01:03.159	1780880463159	4331.25	4332.44		0	0	6	119
2026.06.08	01:01:03.168	1780880463168	4331.36	4332.55		0	0	6	119
2026.06.08	01:01:03.188	1780880463188	4331.19	4332.37		0	0	6	118
2026.06.08	01:01:03.216	1780880463216	4331.18	4332.36		0	0	6	118
2026.06.08	01:01:03.268	1780880463268	4331.16	4332.34		0	0	6	118
2026.06.08	01:01:03.327	1780880463327	4331.08	4332.26		0	0	6	118
2026.06.08	01:01:03.368	1780880463368	4331.10	4332.28		0	0	6	118
2026.06.08	01:01:03.374	1780880463374	4330.86	4331.98		0	0	6	112
2026.06.08	01:01:03.479	1780880463479	4330.58	4331.71		0	0	6	113
2026.06.08	01:01:03.588	1780880463588	4330.31	4331.44		0	0	6	113
2026.06.08	01:01:03.694	1780880463694	4330.04	4331.17		0	0	6	113
2026.06.08	01:01:04.016	1780880464016	4329.77	4330.90		0	0	6	113
2026.06.08	01:01:04.336	1780880464336	4329.64	4330.78		0	0	6	114
2026.06.08	01:01:05.084	1780880465084	4329.74	4330.67		0	0	6	93
2026.06.08	01:01:06.369	1780880466369	4329.60	4330.73		0	0	6	113
2026.06.08	01:01:07.117	1780880467117	4329.47	4330.60		0	0	6	113
2026.06.08	01:01:07.228	1780880467228	4329.59	4330.73		0	0	6	114
2026.06.08	01:01:08.364	1780880468364	4329.32	4330.46		0	0	6	114
2026.06.08	01:01:08.383	1780880468383	4329.05	4330.19		0	0	6	114
2026.06.08	01:01:08.403	1780880468403	4328.82	4329.96		0	0	6	114
2026.06.08	01:01:08.423	1780880468423	4328.95	4330.09		0	0	6	114
2026.06.08	01:01:08.454	1780880468454	4329.04	4330.18		0	0	6	114
2026.06.08	01:01:08.485	1780880468485	4329.11	4330.25		0	0	6	114
2026.06.08	01:01:08.525	1780880468525	4329.10	4330.24		0	0	6	114
2026.06.08	01:01:08.545	1780880468545	4329.05	4330.19		0	0	6	114
2026.06.08	01:01:08.683	1780880468683	4329.03	4330.17		0	0	6	114
2026.06.08	01:01:08.703	1780880468703	4329.08	4330.22		0	0	6	114
2026.06.08	01:01:08.866	1780880468866	4329.12	4330.26		0	0	6	114
2026.06.08	01:01:08.979	1780880468979	4328.85	4329.99		0	0	6	114
2026.06.08	01:01:08.989	1780880468989	4328.58	4329.72		0	0	6	114
2026.06.08	01:01:09.016	1780880469016	4328.31	4329.44		0	0	6	113
2026.06.08	01:01:09.087	1780880469087	4328.20	4329.25		0	0	6	105
2026.06.08	01:01:09.127	1780880469127	4328.24	4329.23		0	0	6	99
2026.06.08	01:01:09.206	1780880469206	4328.24	4329.28		0	0	4	104
2026.06.08	01:01:09.297	1780880469297	4328.29	4329.33		0	0	6	104
2026.06.08	01:01:09.327	1780880469327	4328.34	4329.33		0	0	2	99
2026.06.08	01:01:09.367	1780880469367	4327.97	4329.14		0	0	6	117
2026.06.08	01:01:09.579	1780880469579	4327.70	4328.87		0	0	6	117
2026.06.08	01:01:09.685	1780880469685	4327.44	4328.60		0	0	6	116
2026.06.08	01:01:09.899	1780880469899	4327.17	4328.33		0	0	6	116
2026.06.08	01:01:10.005	1780880470005	4327.02	4328.18		0	0	6	116
2026.06.08	01:01:10.112	1780880470112	4327.01	4328.17		0	0	6	116
2026.06.08	01:01:10.221	1780880470221	4327.02	4328.18		0	0	6	116
2026.06.08	01:01:10.326	1780880470326	4327.01	4328.17		0	0	6	116
2026.06.08	01:01:10.541	1780880470541	4327.00	4328.16		0	0	6	116
2026.06.08	01:01:10.754	1780880470754	4327.01	4328.17		0	0	6	116
2026.06.08	01:01:10.864	1780880470864	4327.00	4328.17		0	0	2	117
2026.06.08	01:01:11.078	1780880471078	4326.99	4328.16		0	0	6	117
2026.06.08	01:01:12.360	1780880472360	4326.74	4327.86		0	0	6	112
2026.06.08	01:01:12.573	1780880472573	4326.47	4327.59		0	0	6	112
2026.06.08	01:01:12.680	1780880472680	4326.20	4327.32		0	0	6	112
2026.06.08	01:01:12.787	1780880472787	4326.22	4327.34		0	0	6	112
2026.06.08	01:01:12.894	1780880472894	4326.18	4327.30		0	0	6	112
2026.06.08	01:01:13.216	1780880473216	4326.21	4327.35		0	0	6	114
2026.06.08	01:01:13.321	1780880473321	4326.20	4327.32		0	0	6	112
2026.06.08	01:01:13.429	1780880473429	4326.22	4327.34		0	0	6	112
2026.06.08	01:01:13.643	1780880473643	4326.20	4327.32		0	0	6	112
2026.06.08	01:01:13.963	1780880473963	4326.19	4327.31		0	0	6	112
2026.06.08	01:01:14.284	1780880474284	4326.20	4327.32		0	0	6	112
2026.06.08	01:01:14.500	1780880474500	4326.65	4327.40		0	0	6	75
2026.06.08	01:01:14.606	1780880474606	4326.82	4327.59		0	0	6	77
2026.06.08	01:01:14.714	1780880474714	4326.85	4327.60		0	0	6	75
2026.06.08	01:01:15.356	1780880475356	4326.82	4327.58		0	0	6	76
2026.06.08	01:01:15.462	1780880475462	4326.84	4327.59		0	0	6	75
2026.06.08	01:01:15.675	1780880475675	4326.83	4327.58		0	0	6	75
2026.06.08	01:01:16.104	1780880476104	4326.87	4327.62		0	0	6	75
2026.06.08	01:01:16.210	1780880476210	4326.68	4327.64		0	0	6	96
2026.06.08	01:01:16.316	1780880476316	4326.65	4327.61		0	0	6	96
2026.06.08	01:01:16.424	1780880476424	4326.63	4327.59		0	0	6	96
2026.06.08	01:01:16.530	1780880476530	4326.65	4327.55		0	0	6	90
2026.06.08	01:01:16.639	1780880476639	4326.59	4327.53		0	0	6	94
2026.06.08	01:01:16.744	1780880476744	4326.64	4327.54		0	0	6	90
2026.06.08	01:01:17.387	1780880477387	4326.55	4327.53		0	0	6	98
2026.06.08	01:01:17.494	1780880477494	4326.61	4327.56		0	0	6	95
2026.06.08	01:01:17.600	1780880477600	4326.60	4327.55		0	0	6	95
2026.06.08	01:01:17.921	1780880477921	4326.59	4327.54		0	0	6	95
2026.06.08	01:01:18.350	1780880478350	4326.59	4327.55		0	0	4	96
2026.06.08	01:01:18.457	1780880478457	4326.34	4327.46		0	0	6	112
2026.06.08	01:01:18.563	1780880478563	4326.35	4327.43		0	0	6	108
2026.06.08	01:01:18.670	1780880478670	4326.35	4327.46		0	0	4	111
2026.06.08	01:01:18.885	1780880478885	4326.34	4327.46		0	0	2	112
2026.06.08	01:01:18.991	1780880478991	4326.30	4327.38		0	0	6	108
2026.06.08	01:01:19.098	1780880479098	4326.32	4327.35		0	0	6	103
2026.06.08	01:01:19.204	1780880479204	4326.29	4327.34		0	0	6	105
2026.06.08	01:01:19.420	1780880479420	4326.18	4327.17		0	0	6	99
2026.06.08	01:01:19.526	1780880479526	4326.24	4327.21		0	0	6	97
2026.06.08	01:01:19.847	1780880479847	4326.15	4327.28		0	0	6	113
2026.06.08	01:01:19.954	1780880479954	4326.15	4327.27		0	0	4	112
2026.06.08	01:01:20.167	1780880480167	4326.13	4327.26		0	0	6	113
2026.06.08	01:01:21.131	1780880481131	4326.12	4327.25		0	0	6	113
2026.06.08	01:01:22.202	1780880482202	4326.21	4327.15		0	0	6	94
2026.06.08	01:01:22.522	1780880482522	4326.19	4327.07		0	0	6	88
2026.06.08	01:01:22.949	1780880482949	4326.37	4327.07		0	0	2	70
2026.06.08	01:01:24.126	1780880484126	4326.38	4327.03		0	0	6	65
2026.06.08	01:01:24.231	1780880484231	4325.97	4327.10		0	0	6	113
2026.06.08	01:01:24.339	1780880484339	4325.77	4326.92		0	0	6	115
2026.06.08	01:01:24.445	1780880484445	4325.89	4327.03		0	0	6	114
2026.06.08	01:01:24.553	1780880484553	4325.91	4327.04		0	0	6	113
2026.06.08	01:01:24.767	1780880484767	4325.94	4327.07		0	0	6	113
2026.06.08	01:01:24.873	1780880484873	4325.90	4327.04		0	0	6	114
2026.06.08	01:01:25.195	1780880485195	4325.83	4326.97		0	0	6	114
2026.06.08	01:01:25.303	1780880485303	4325.89	4327.03		0	0	6	114
2026.06.08	01:01:25.409	1780880485409	4325.79	4326.94		0	0	6	115
2026.06.08	01:01:25.517	1780880485517	4325.80	4326.96		0	0	6	116
2026.06.08	01:01:25.624	1780880485624	4325.79	4326.93		0	0	6	114
2026.06.08	01:01:25.838	1780880485838	4325.75	4326.91		0	0	6	116
2026.06.08	01:01:26.158	1780880486158	4325.69	4326.84		0	0	6	115
2026.06.08	01:01:26.975	1780880486975	4325.71	4326.86		0	0	6	115
2026.06.08	01:01:27.005	1780880487005	4325.69	4326.84		0	0	6	115
2026.06.08	01:01:27.037	1780880487037	4325.70	4326.85		0	0	6	115
2026.06.08	01:01:27.265	1780880487265	4325.68	4326.83		0	0	6	115
2026.06.08	01:01:27.317	1780880487317	4325.69	4326.84		0	0	6	115
2026.06.08	01:01:27.328	1780880487328	4325.78	4326.93		0	0	6	115
2026.06.08	01:01:27.656	1780880487656	4325.52	4326.65		0	0	6	113
2026.06.08	01:01:28.297	1780880488297	4325.35	4326.56		0	0	6	121
2026.06.08	01:01:28.404	1780880488404	4325.30	4326.45		0	0	6	115
2026.06.08	01:01:28.849	1780880488849	4325.58	4326.72		0	0	6	114
2026.06.08	01:01:28.889	1780880488889	4325.73	4326.86		0	0	6	113
2026.06.08	01:01:28.919	1780880488919	4325.68	4326.81		0	0	6	113
2026.06.08	01:01:28.950	1780880488950	4325.60	4326.73		0	0	6	113
2026.06.08	01:01:28.989	1780880488989	4325.59	4326.72		0	0	6	113
2026.06.08	01:01:29.000	1780880489000	4325.57	4326.70		0	0	6	113
2026.06.08	01:01:29.050	1780880489050	4325.59	4326.72		0	0	6	113
2026.06.08	01:01:29.091	1780880489091	4325.68	4326.81		0	0	6	113
2026.06.08	01:01:29.150	1780880489150	4325.82	4326.95		0	0	6	113
2026.06.08	01:01:29.160	1780880489160	4325.85	4326.98		0	0	6	113
2026.06.08	01:01:29.210	1780880489210	4326.05	4327.18		0	0	6	113
2026.06.08	01:01:29.232	1780880489232	4326.30	4327.43		0	0	6	113
2026.06.08	01:01:29.242	1780880489242	4326.38	4327.51		0	0	6	113
2026.06.08	01:01:29.251	1780880489251	4326.46	4327.59		0	0	6	113
2026.06.08	01:01:29.261	1780880489261	4326.55	4327.68		0	0	6	113
2026.06.08	01:01:29.340	1780880489340	4326.82	4327.95		0	0	6	113
2026.06.08	01:01:29.409	1780880489409	4326.97	4328.10		0	0	6	113
2026.06.08	01:01:29.441	1780880489441	4326.91	4328.04		0	0	6	113
2026.06.08	01:01:29.473	1780880489473	4326.65	4327.77		0	0	6	112
2026.06.08	01:01:29.901	1780880489901	4326.37	4327.50		0	0	6	113
2026.06.08	01:01:30.650	1780880490650	4326.10	4327.23		0	0	6	113
2026.06.08	01:01:30.759	1780880490759	4325.87	4326.92		0	0	6	105
2026.06.08	01:01:31.613	1780880491613	4325.61	4326.64		0	0	6	103
2026.06.08	01:01:33.048	1780880493048	4325.35	4326.44		0	0	6	109
2026.06.08	01:01:33.127	1780880493127	4325.39	4326.37		0	0	6	98
2026.06.08	01:01:33.249	1780880493249	4325.31	4326.39		0	0	6	108
2026.06.08	01:01:33.271	1780880493271	4325.18	4326.26		0	0	6	108
2026.06.08	01:01:33.299	1780880493299	4325.21	4326.24		0	0	6	103
2026.06.08	01:01:33.517	1780880493517	4325.21	4326.30		0	0	4	109
2026.06.08	01:01:33.548	1780880493548	4325.30	4326.29		0	0	6	99
2026.06.08	01:01:33.590	1780880493590	4325.31	4326.30		0	0	6	99
2026.06.08	01:01:33.629	1780880493629	4325.28	4326.22		0	0	6	94
2026.06.08	01:01:33.752	1780880493752	4325.02	4325.99		0	0	6	97
2026.06.08	01:01:34.288	1780880494288	4325.03	4326.02		0	0	6	99
2026.06.08	01:01:34.610	1780880494610	4325.04	4326.04		0	0	6	100
2026.06.08	01:01:34.716	1780880494716	4325.11	4326.07		0	0	6	96
2026.06.08	01:01:34.824	1780880494824	4325.12	4326.02		0	0	6	90
2026.06.08	01:01:35.036	1780880495036	4325.24	4326.45		0	0	6	121
2026.06.08	01:01:35.146	1780880495146	4325.55	4326.69		0	0	6	114
2026.06.08	01:01:35.249	1780880495249	4325.60	4326.73		0	0	6	113
2026.06.08	01:01:35.359	1780880495359	4325.56	4326.75		0	0	6	119
2026.06.08	01:01:35.465	1780880495465	4325.55	4326.69		0	0	6	114
2026.06.08	01:01:35.680	1780880495680	4325.54	4326.67		0	0	6	113
2026.06.08	01:01:35.785	1780880495785	4325.56	4326.69		0	0	6	113
2026.06.08	01:01:35.893	1780880495893	4325.61	4326.74		0	0	6	113
2026.06.08	01:01:36.108	1780880496108	4325.74	4326.87		0	0	6	113
2026.06.08	01:01:36.216	1780880496216	4325.81	4326.95		0	0	6	114
2026.06.08	01:01:36.321	1780880496321	4325.93	4327.07		0	0	6	114
2026.06.08	01:01:36.429	1780880496429	4325.88	4327.02		0	0	6	114
2026.06.08	01:01:36.961	1780880496961	4325.86	4327.00		0	0	6	114
2026.06.08	01:01:37.284	1780880497284	4325.85	4326.99		0	0	6	114
2026.06.08	01:01:37.498	1780880497498	4326.09	4327.25		0	0	6	116
2026.06.08	01:01:37.712	1780880497712	4326.17	4327.32		0	0	6	115
2026.06.08	01:01:38.140	1780880498140	4326.18	4327.33		0	0	6	115
2026.06.08	01:01:38.245	1780880498245	4326.17	4327.32		0	0	6	115
2026.06.08	01:01:38.353	1780880498353	4326.18	4327.33		0	0	6	115
2026.06.08	01:01:38.567	1780880498567	4326.17	4327.32		0	0	6	115
2026.06.08	01:01:39.101	1780880499101	4326.15	4327.30		0	0	6	115
2026.06.08	01:01:39.743	1780880499743	4326.13	4327.31		0	0	6	118
2026.06.08	01:01:40.492	1780880500492	4326.13	4327.29		0	0	4	116
2026.06.08	01:01:40.705	1780880500705	4326.40	4327.55		0	0	6	115
2026.06.08	01:01:41.027	1780880501027	4326.39	4327.54		0	0	6	115
2026.06.08	01:01:41.561	1780880501561	4326.39	4327.53		0	0	4	114
2026.06.08	01:01:42.524	1780880502524	4326.38	4327.51		0	0	6	113
2026.06.08	01:01:42.738	1780880502738	4326.30	4327.43		0	0	6	113
2026.06.08	01:01:42.951	1780880502951	4326.37	4327.50		0	0	6	113
2026.06.08	01:01:43.059	1780880503059	4326.33	4327.46		0	0	6	113
2026.06.08	01:01:43.166	1780880503166	4326.32	4327.45		0	0	6	113
2026.06.08	01:01:43.273	1780880503273	4326.32	4327.51		0	0	4	119
2026.06.08	01:01:43.379	1780880503379	4326.29	4327.46		0	0	6	117
2026.06.08	01:01:43.594	1780880503594	4326.33	4327.50		0	0	6	117
2026.06.08	01:01:43.701	1780880503701	4326.40	4327.56		0	0	6	116
2026.06.08	01:01:44.449	1780880504449	4326.41	4327.58		0	0	6	117
2026.06.08	01:01:44.770	1780880504770	4326.40	4327.57		0	0	6	117
2026.06.08	01:01:45.090	1780880505090	4326.39	4327.56		0	0	6	117
2026.06.08	01:01:45.840	1780880505840	4326.39	4327.53		0	0	4	114
2026.06.08	01:01:46.589	1780880506589	4326.35	4327.49		0	0	6	114
2026.06.08	01:01:46.697	1780880506697	4326.51	4327.64		0	0	6	113
2026.06.08	01:01:48.140	1780880508140	4326.43	4327.56		0	0	6	113
2026.06.08	01:01:48.159	1780880508159	4326.47	4327.60		0	0	6	113
2026.06.08	01:01:48.282	1780880508282	4326.51	4327.64		0	0	6	113
2026.06.08	01:01:48.652	1780880508652	4326.52	4327.65		0	0	6	113
2026.06.08	01:01:48.693	1780880508693	4326.41	4327.54		0	0	6	113
2026.06.08	01:01:48.728	1780880508728	4326.51	4327.64		0	0	6	113
2026.06.08	01:01:49.156	1780880509156	4326.49	4327.62		0	0	6	113
2026.06.08	01:01:49.625	1780880509625	4326.22	4327.35		0	0	6	113
2026.06.08	01:01:49.657	1780880509657	4326.28	4327.42		0	0	6	114
2026.06.08	01:01:49.667	1780880509667	4326.21	4327.35		0	0	6	114
2026.06.08	01:01:49.718	1780880509718	4326.48	4327.61		0	0	6	113
2026.06.08	01:01:49.727	1780880509727	4326.49	4327.62		0	0	6	113
2026.06.08	01:01:49.765	1780880509765	4326.48	4327.61		0	0	6	113
2026.06.08	01:01:49.795	1780880509795	4326.21	4327.35		0	0	6	114
2026.06.08	01:01:49.797	1780880509797	4326.48	4327.62		0	0	6	114
2026.06.08	01:01:49.904	1780880509904	4326.46	4327.61		0	0	6	115
2026.06.08	01:01:50.119	1780880510119	4326.17	4327.40		0	0	6	123
2026.06.08	01:01:50.227	1780880510227	4326.18	4327.40		0	0	2	122
2026.06.08	01:01:50.441	1780880510441	4326.18	4327.34		0	0	4	116
2026.06.08	01:01:50.546	1780880510546	4326.14	4327.36		0	0	6	122
2026.06.08	01:01:50.998	1780880510998	4326.43	4327.59		0	0	6	116
2026.06.08	01:01:51.018	1780880511018	4326.59	4327.75		0	0	6	116
2026.06.08	01:01:51.048	1780880511048	4326.60	4327.76		0	0	6	116
2026.06.08	01:01:51.140	1780880511140	4326.87	4328.04		0	0	6	117
2026.06.08	01:01:51.151	1780880511151	4326.78	4327.95		0	0	6	117
2026.06.08	01:01:51.160	1780880511160	4326.68	4327.85		0	0	6	117
2026.06.08	01:01:51.201	1780880511201	4326.71	4327.87		0	0	6	116
2026.06.08	01:01:51.441	1780880511441	4326.72	4327.88		0	0	6	116
2026.06.08	01:01:51.473	1780880511473	4326.74	4327.90		0	0	6	116
2026.06.08	01:01:51.523	1780880511523	4326.99	4328.16		0	0	6	117
2026.06.08	01:01:51.534	1780880511534	4326.81	4327.98		0	0	6	117
2026.06.08	01:01:51.573	1780880511573	4326.82	4327.98		0	0	2	116
2026.06.08	01:01:51.593	1780880511593	4326.87	4328.03		0	0	6	116
2026.06.08	01:01:51.864	1780880511864	4326.71	4327.87		0	0	6	116
2026.06.08	01:01:51.874	1780880511874	4326.67	4327.83		0	0	6	116
2026.06.08	01:01:52.018	1780880512018	4326.69	4327.84		0	0	6	115
2026.06.08	01:01:52.831	1780880512831	4326.41	4327.58		0	0	6	117
2026.06.08	01:01:52.842	1780880512842	4326.22	4327.39		0	0	6	117
2026.06.08	01:01:52.852	1780880512852	4326.30	4327.47		0	0	6	117
2026.06.08	01:01:52.861	1780880512861	4326.57	4327.74		0	0	6	117
2026.06.08	01:01:52.872	1780880512872	4326.56	4327.73		0	0	6	117
2026.06.08	01:01:52.882	1780880512882	4326.63	4327.80		0	0	6	117
2026.06.08	01:01:52.899	1780880512899	4326.36	4327.53		0	0	6	117
2026.06.08	01:01:53.006	1780880513006	4326.09	4327.26		0	0	6	117
2026.06.08	01:01:53.114	1780880513114	4326.00	4327.17		0	0	6	117
2026.06.08	01:01:53.222	1780880513222	4326.00	4327.18		0	0	4	118
2026.06.08	01:01:54.315	1780880514315	4326.21	4327.37		0	0	6	116
2026.06.08	01:01:54.376	1780880514376	4326.17	4327.33		0	0	6	116
2026.06.08	01:01:54.436	1780880514436	4326.19	4327.35		0	0	6	116
2026.06.08	01:01:54.698	1780880514698	4325.92	4327.08		0	0	6	116
2026.06.08	01:01:54.728	1780880514728	4325.95	4327.12		0	0	6	117
2026.06.08	01:01:54.737	1780880514737	4326.02	4327.19		0	0	6	117
2026.06.08	01:01:54.747	1780880514747	4326.14	4327.31		0	0	6	117
2026.06.08	01:01:54.796	1780880514796	4326.17	4327.33		0	0	6	116
2026.06.08	01:01:54.827	1780880514827	4326.19	4327.35		0	0	6	116
2026.06.08	01:01:54.847	1780880514847	4326.16	4327.32		0	0	6	116
2026.06.08	01:01:54.876	1780880514876	4326.22	4327.39		0	0	6	117
2026.06.08	01:01:54.906	1780880514906	4326.19	4327.36		0	0	6	117
2026.06.08	01:01:54.939	1780880514939	4326.20	4327.36		0	0	2	116
2026.06.08	01:01:54.967	1780880514967	4326.23	4327.39		0	0	6	116
2026.06.08	01:01:54.978	1780880514978	4326.26	4327.42		0	0	6	116
2026.06.08	01:01:55.005	1780880515005	4326.25	4327.41		0	0	6	116
2026.06.08	01:01:55.036	1780880515036	4326.26	4327.42		0	0	6	116
2026.06.08	01:01:55.277	1780880515277	4326.27	4327.43		0	0	6	116
2026.06.08	01:01:55.896	1780880515896	4326.02	4327.15		0	0	6	113
2026.06.08	01:01:56.002	1780880516002	4325.76	4326.87		0	0	6	111
2026.06.08	01:01:56.108	1780880516108	4325.50	4326.58		0	0	6	108
2026.06.08	01:01:57.607	1780880517607	4325.38	4326.46		0	0	6	108
2026.06.08	01:01:59.104	1780880519104	4325.72	4326.66		0	0	6	94
2026.06.08	01:01:59.318	1780880519318	4325.76	4326.70		0	0	6	94
2026.06.08	01:02:00.497	1780880520497	4325.70	4326.54		0	0	6	84
2026.06.08	01:02:00.603	1780880520603	4325.74	4326.57		0	0	6	83
2026.06.08	01:02:00.708	1780880520708	4325.75	4326.58		0	0	6	83
2026.06.08	01:02:00.815	1780880520815	4325.76	4326.59		0	0	6	83
2026.06.08	01:02:01.350	1780880521350	4325.84	4326.62		0	0	6	78
2026.06.08	01:02:02.312	1780880522312	4325.88	4326.61		0	0	6	73
2026.06.08	01:02:03.598	1780880523598	4325.92	4326.70		0	0	6	78
2026.06.08	01:02:03.811	1780880523811	4325.58	4326.70		0	0	2	112
2026.06.08	01:02:04.026	1780880524026	4325.69	4326.47		0	0	6	78
2026.06.08	01:02:04.132	1780880524132	4325.71	4326.49		0	0	6	78
2026.06.08	01:02:04.238	1780880524238	4325.68	4326.46		0	0	6	78
2026.06.08	01:02:04.345	1780880524345	4325.71	4326.49		0	0	6	78
2026.06.08	01:02:04.560	1780880524560	4325.70	4326.78		0	0	6	108
2026.06.08	01:02:04.667	1780880524667	4325.78	4326.72		0	0	6	94
2026.06.08	01:02:04.989	1780880524989	4325.91	4327.13		0	0	6	122
2026.06.08	01:02:05.413	1780880525413	4326.22	4327.36		0	0	6	114
2026.06.08	01:02:05.473	1780880525473	4326.44	4327.58		0	0	6	114
2026.06.08	01:02:05.513	1780880525513	4326.46	4327.60		0	0	6	114
2026.06.08	01:02:05.522	1780880525522	4326.18	4327.33		0	0	6	115
2026.06.08	01:02:05.950	1780880525950	4326.14	4327.28		0	0	6	114
2026.06.08	01:02:06.377	1780880526377	4326.16	4327.31		0	0	6	115
2026.06.08	01:02:06.485	1780880526485	4326.05	4327.29		0	0	6	124
2026.06.08	01:02:06.593	1780880526593	4326.07	4327.23		0	0	6	116
2026.06.08	01:02:06.999	1780880526999	4326.34	4327.50		0	0	6	116
2026.06.08	01:02:07.118	1780880527118	4326.52	4327.68		0	0	6	116
2026.06.08	01:02:07.159	1780880527159	4326.51	4327.67		0	0	6	116
2026.06.08	01:02:07.221	1780880527221	4326.49	4327.65		0	0	6	116
2026.06.08	01:02:07.299	1780880527299	4326.52	4327.68		0	0	6	116
2026.06.08	01:02:07.846	1780880527846	4326.79	4327.95		0	0	6	116
2026.06.08	01:02:07.855	1780880527855	4327.06	4328.22		0	0	6	116
2026.06.08	01:02:07.894	1780880527894	4327.33	4328.49		0	0	6	116
2026.06.08	01:02:08.014	1780880528014	4327.60	4328.76		0	0	6	116
2026.06.08	01:02:08.045	1780880528045	4327.86	4329.02		0	0	6	116
2026.06.08	01:02:08.125	1780880528125	4327.85	4329.01		0	0	6	116
2026.06.08	01:02:08.154	1780880528154	4327.82	4328.98		0	0	6	116
2026.06.08	01:02:08.185	1780880528185	4327.92	4329.08		0	0	6	116
2026.06.08	01:02:08.195	1780880528195	4327.98	4329.14		0	0	6	116
2026.06.08	01:02:08.206	1780880528206	4327.86	4329.02		0	0	6	116
2026.06.08	01:02:08.215	1780880528215	4328.05	4329.21		0	0	6	116
2026.06.08	01:02:08.254	1780880528254	4328.10	4329.26		0	0	6	116
2026.06.08	01:02:08.274	1780880528274	4328.05	4329.21		0	0	6	116
2026.06.08	01:02:08.284	1780880528284	4328.00	4329.16		0	0	6	116
2026.06.08	01:02:08.345	1780880528345	4328.03	4329.19		0	0	6	116
2026.06.08	01:02:08.403	1780880528403	4327.98	4329.14		0	0	6	116
2026.06.08	01:02:09.160	1780880529160	4327.95	4329.11		0	0	6	116
2026.06.08	01:02:09.170	1780880529170	4327.81	4328.97		0	0	6	116
2026.06.08	01:02:09.191	1780880529191	4327.86	4329.02		0	0	6	116
2026.06.08	01:02:09.281	1780880529281	4327.89	4329.05		0	0	6	116
2026.06.08	01:02:09.309	1780880529309	4327.91	4329.07		0	0	6	116
2026.06.08	01:02:09.410	1780880529410	4327.83	4328.99		0	0	6	116
2026.06.08	01:02:09.440	1780880529440	4327.93	4329.09		0	0	6	116
2026.06.08	01:02:09.470	1780880529470	4328.01	4329.16		0	0	6	115
2026.06.08	01:02:09.589	1780880529589	4327.78	4328.84		0	0	6	106
2026.06.08	01:02:09.694	1780880529694	4327.53	4328.54		0	0	6	101
2026.06.08	01:02:09.801	1780880529801	4327.27	4328.27		0	0	6	100
2026.06.08	01:02:11.836	1780880531836	4326.93	4328.06		0	0	6	113
2026.06.08	01:02:11.875	1780880531875	4326.66	4327.79		0	0	6	113
2026.06.08	01:02:11.905	1780880531905	4326.39	4327.52		0	0	6	113
2026.06.08	01:02:12.047	1780880532047	4326.11	4327.26		0	0	6	115
2026.06.08	01:02:12.154	1780880532154	4325.85	4326.99		0	0	6	114
2026.06.08	01:02:12.455	1780880532455	4326.11	4327.26		0	0	6	115
2026.06.08	01:02:12.476	1780880532476	4325.84	4326.99		0	0	6	115
2026.06.08	01:02:12.583	1780880532583	4325.95	4327.10		0	0	6	115
2026.06.08	01:02:12.688	1780880532688	4326.08	4327.22		0	0	6	114
2026.06.08	01:02:13.011	1780880533011	4325.77	4326.99		0	0	6	122
2026.06.08	01:02:13.119	1780880533119	4325.52	4326.69		0	0	6	117
2026.06.08	01:02:13.224	1780880533224	4325.25	4326.43		0	0	6	118
2026.06.08	01:02:13.330	1780880533330	4324.98	4326.15		0	0	6	117
2026.06.08	01:02:13.775	1780880533775	4324.72	4325.88		0	0	6	116
2026.06.08	01:02:13.796	1780880533796	4324.40	4325.65		0	0	6	125
2026.06.08	01:02:13.805	1780880533805	4324.13	4325.38		0	0	6	125
2026.06.08	01:02:13.845	1780880533845	4323.86	4325.11		0	0	6	125
2026.06.08	01:02:13.876	1780880533876	4323.60	4324.84		0	0	6	124
2026.06.08	01:02:13.956	1780880533956	4323.36	4324.53		0	0	6	117
2026.06.08	01:02:14.005	1780880534005	4323.09	4324.26		0	0	6	117
2026.06.08	01:02:14.015	1780880534015	4323.36	4324.53		0	0	6	117
2026.06.08	01:02:14.114	1780880534114	4323.08	4324.28		0	0	6	120
2026.06.08	01:02:14.135	1780880534135	4322.80	4324.01		0	0	6	121
2026.06.08	01:02:14.155	1780880534155	4322.53	4323.74		0	0	6	121
2026.06.08	01:02:14.175	1780880534175	4322.26	4323.47		0	0	6	121
2026.06.08	01:02:14.196	1780880534196	4322.07	4323.27		0	0	6	120
2026.06.08	01:02:14.255	1780880534255	4322.11	4323.31		0	0	6	120
2026.06.08	01:02:14.297	1780880534297	4322.39	4323.58		0	0	6	119
2026.06.08	01:02:14.456	1780880534456	4322.66	4323.85		0	0	6	119
2026.06.08	01:02:14.528	1780880534528	4322.38	4323.59		0	0	6	121
2026.06.08	01:02:14.537	1780880534537	4322.14	4323.35		0	0	6	121
2026.06.08	01:02:14.578	1780880534578	4322.15	4323.35		0	0	2	120
2026.06.08	01:02:14.587	1780880534587	4322.19	4323.39		0	0	6	120
2026.06.08	01:02:14.678	1780880534678	4322.46	4323.65		0	0	6	119
2026.06.08	01:02:14.787	1780880534787	4322.74	4323.93		0	0	6	119
2026.06.08	01:02:14.808	1780880534808	4323.00	4324.21		0	0	6	121
2026.06.08	01:02:14.818	1780880534818	4323.27	4324.48		0	0	6	121
2026.06.08	01:02:14.847	1780880534847	4323.54	4324.74		0	0	6	120
2026.06.08	01:02:14.957	1780880534957	4323.50	4324.69		0	0	6	119
2026.06.08	01:02:15.066	1780880535066	4323.73	4324.94		0	0	6	121
2026.06.08	01:02:15.097	1780880535097	4323.51	4324.72		0	0	6	121
2026.06.08	01:02:15.130	1780880535130	4323.52	4324.73		0	0	6	121
2026.06.08	01:02:15.221	1780880535221	4323.32	4324.52		0	0	6	120
2026.06.08	01:02:15.241	1780880535241	4323.53	4324.73		0	0	6	120
2026.06.08	01:02:15.260	1780880535260	4323.56	4324.76		0	0	6	120
2026.06.08	01:02:15.300	1780880535300	4323.33	4324.52		0	0	6	119
2026.06.08	01:02:15.462	1780880535462	4323.29	4324.49		0	0	6	120
2026.06.08	01:02:15.470	1780880535470	4323.56	4324.77		0	0	6	121
2026.06.08	01:02:15.482	1780880535482	4323.83	4325.04		0	0	6	121
2026.06.08	01:02:15.501	1780880535501	4323.93	4325.14		0	0	6	121
2026.06.08	01:02:15.521	1780880535521	4323.67	4324.89		0	0	6	122
2026.06.08	01:02:15.531	1780880535531	4323.73	4324.95		0	0	6	122
2026.06.08	01:02:15.562	1780880535562	4323.70	4324.92		0	0	6	122
2026.06.08	01:02:15.591	1780880535591	4323.72	4324.92		0	0	2	120
2026.06.08	01:02:15.612	1780880535612	4323.59	4324.79		0	0	6	120
2026.06.08	01:02:15.631	1780880535631	4323.53	4324.72		0	0	6	119
2026.06.08	01:02:15.653	1780880535653	4323.59	4324.78		0	0	6	119
2026.06.08	01:02:15.681	1780880535681	4323.61	4324.80		0	0	6	119
2026.06.08	01:02:15.740	1780880535740	4323.66	4324.85		0	0	6	119
2026.06.08	01:02:15.780	1780880535780	4323.58	4324.76		0	0	6	118
2026.06.08	01:02:15.811	1780880535811	4323.73	4324.92		0	0	6	119
2026.06.08	01:02:15.830	1780880535830	4323.49	4324.67		0	0	6	118
2026.06.08	01:02:15.850	1780880535850	4323.52	4324.70		0	0	6	118
2026.06.08	01:02:15.900	1780880535900	4323.74	4324.93		0	0	6	119
2026.06.08	01:02:15.930	1780880535930	4323.74	4324.94		0	0	4	120
2026.06.08	01:02:16.092	1780880536092	4323.73	4324.92		0	0	6	119
2026.06.08	01:02:16.147	1780880536147	4323.74	4324.93		0	0	6	119
2026.06.08	01:02:16.167	1780880536167	4323.73	4324.92		0	0	6	119
2026.06.08	01:02:16.439	1780880536439	4323.87	4325.07		0	0	6	120
2026.06.08	01:02:16.481	1780880536481	4323.85	4325.05		0	0	6	120
2026.06.08	01:02:16.548	1780880536548	4323.87	4325.06		0	0	6	119
2026.06.08	01:02:16.558	1780880536558	4323.67	4324.86		0	0	6	119
2026.06.08	01:02:16.680	1780880536680	4323.86	4325.07		0	0	6	121
2026.06.08	01:02:16.690	1780880536690	4323.65	4324.86		0	0	6	121
2026.06.08	01:02:16.739	1780880536739	4323.64	4324.85		0	0	6	121
2026.06.08	01:02:16.750	1780880536750	4323.59	4324.79		0	0	6	120
2026.06.08	01:02:16.820	1780880536820	4323.64	4324.84		0	0	6	120
2026.06.08	01:02:16.862	1780880536862	4323.62	4324.81		0	0	6	119
2026.06.08	01:02:16.950	1780880536950	4323.61	4324.79		0	0	6	118
2026.06.08	01:02:16.989	1780880536989	4323.60	4324.78		0	0	6	118
2026.06.08	01:02:17.000	1780880537000	4323.49	4324.69		0	0	6	120
2026.06.08	01:02:17.011	1780880537011	4323.76	4324.96		0	0	6	120
2026.06.08	01:02:17.070	1780880537070	4324.05	4325.22		0	0	6	117
2026.06.08	01:02:17.186	1780880537186	4324.31	4325.50		0	0	6	119
2026.06.08	01:02:17.224	1780880537224	4324.58	4325.76		0	0	6	118
2026.06.08	01:02:17.243	1780880537243	4324.58	4325.75		0	0	4	117
2026.06.08	01:02:17.254	1780880537254	4324.64	4325.81		0	0	6	117
2026.06.08	01:02:17.284	1780880537284	4324.56	4325.75		0	0	6	119
2026.06.08	01:02:17.295	1780880537295	4324.49	4325.68		0	0	6	119
2026.06.08	01:02:17.325	1780880537325	4324.46	4325.65		0	0	6	119
2026.06.08	01:02:17.335	1780880537335	4324.20	4325.38		0	0	6	118
2026.06.08	01:02:17.344	1780880537344	4324.44	4325.62		0	0	6	118
2026.06.08	01:02:17.375	1780880537375	4324.42	4325.60		0	0	6	118
2026.06.08	01:02:17.427	1780880537427	4324.20	4325.37		0	0	6	117
2026.06.08	01:02:17.437	1780880537437	4324.31	4325.49		0	0	6	118
2026.06.08	01:02:17.447	1780880537447	4324.56	4325.74		0	0	6	118
2026.06.08	01:02:17.496	1780880537496	4324.35	4325.52		0	0	6	117
2026.06.08	01:02:17.556	1780880537556	4324.30	4325.48		0	0	6	118
2026.06.08	01:02:17.566	1780880537566	4324.50	4325.68		0	0	6	118
2026.06.08	01:02:17.596	1780880537596	4324.32	4325.49		0	0	6	117
2026.06.08	01:02:17.606	1780880537606	4324.40	4325.58		0	0	6	118
2026.06.08	01:02:17.618	1780880537618	4324.67	4325.85		0	0	6	118
2026.06.08	01:02:17.697	1780880537697	4324.37	4325.62		0	0	6	125
2026.06.08	01:02:17.737	1780880537737	4324.13	4325.32		0	0	6	119
2026.06.08	01:02:17.749	1780880537749	4323.86	4325.05		0	0	6	119
2026.06.08	01:02:17.820	1780880537820	4323.59	4324.78		0	0	6	119
2026.06.08	01:02:17.898	1780880537898	4323.32	4324.51		0	0	6	119
2026.06.08	01:02:17.908	1780880537908	4323.05	4324.24		0	0	6	119
2026.06.08	01:02:17.938	1780880537938	4322.78	4323.97		0	0	6	119
2026.06.08	01:02:17.948	1780880537948	4322.74	4323.93		0	0	6	119
2026.06.08	01:02:17.978	1780880537978	4322.73	4323.92		0	0	6	119
2026.06.08	01:02:18.009	1780880538009	4322.83	4324.01		0	0	6	118
2026.06.08	01:02:18.029	1780880538029	4322.80	4323.98		0	0	6	118
2026.06.08	01:02:18.058	1780880538058	4322.78	4323.96		0	0	6	118
2026.06.08	01:02:18.078	1780880538078	4322.66	4323.85		0	0	6	119
2026.06.08	01:02:18.119	1780880538119	4322.64	4323.83		0	0	6	119
2026.06.08	01:02:18.138	1780880538138	4322.66	4323.85		0	0	6	119
2026.06.08	01:02:18.149	1780880538149	4322.74	4323.93		0	0	6	119
2026.06.08	01:02:18.179	1780880538179	4322.77	4323.96		0	0	6	119
2026.06.08	01:02:18.199	1780880538199	4322.84	4324.02		0	0	6	118
2026.06.08	01:02:18.239	1780880538239	4322.87	4324.05		0	0	6	118
2026.06.08	01:02:18.268	1780880538268	4322.79	4323.97		0	0	6	118
2026.06.08	01:02:18.288	1780880538288	4322.87	4324.05		0	0	6	118
2026.06.08	01:02:18.298	1780880538298	4322.78	4323.96		0	0	6	118
2026.06.08	01:02:18.329	1780880538329	4322.80	4323.98		0	0	6	118
2026.06.08	01:02:18.348	1780880538348	4322.74	4323.92		0	0	6	118
2026.06.08	01:02:18.380	1780880538380	4322.67	4323.85		0	0	6	118
2026.06.08	01:02:18.401	1780880538401	4322.72	4323.90		0	0	6	118
2026.06.08	01:02:18.411	1780880538411	4322.80	4323.98		0	0	6	118
2026.06.08	01:02:18.488	1780880538488	4322.67	4323.85		0	0	6	118
2026.06.08	01:02:18.499	1780880538499	4322.80	4323.98		0	0	6	118
2026.06.08	01:02:18.520	1780880538520	4322.81	4323.99		0	0	6	118
2026.06.08	01:02:18.571	1780880538571	4322.54	4323.72		0	0	6	118
2026.06.08	01:02:18.680	1780880538680	4322.28	4323.44		0	0	6	116
2026.06.08	01:02:18.787	1780880538787	4322.02	4323.17		0	0	6	115
2026.06.08	01:02:18.893	1780880538893	4321.73	4322.92		0	0	6	119
2026.06.08	01:02:19.003	1780880539003	4321.46	4322.64		0	0	6	118
2026.06.08	01:02:19.106	1780880539106	4321.19	4322.37		0	0	6	118
2026.06.08	01:02:19.427	1780880539427	4321.17	4322.35		0	0	6	118
2026.06.08	01:02:19.534	1780880539534	4321.35	4322.53		0	0	6	118
2026.06.08	01:02:19.643	1780880539643	4321.28	4322.46		0	0	6	118
2026.06.08	01:02:19.750	1780880539750	4321.08	4322.27		0	0	6	119
2026.06.08	01:02:19.963	1780880539963	4321.04	4322.22		0	0	6	118
2026.06.08	01:02:20.177	1780880540177	4321.05	4322.23		0	0	6	118
2026.06.08	01:02:20.497	1780880540497	4321.01	4322.19		0	0	6	118
2026.06.08	01:02:20.604	1780880540604	4320.74	4321.92		0	0	6	118
2026.06.08	01:02:20.711	1780880540711	4320.72	4321.90		0	0	6	118
2026.06.08	01:02:20.819	1780880540819	4320.73	4321.91		0	0	6	118
2026.06.08	01:02:20.926	1780880540926	4320.71	4321.88		0	0	6	117
2026.06.08	01:02:21.031	1780880541031	4320.71	4321.89		0	0	4	118
2026.06.08	01:02:21.139	1780880541139	4320.72	4321.90		0	0	6	118
2026.06.08	01:02:21.245	1780880541245	4320.73	4321.91		0	0	6	118
2026.06.08	01:02:21.460	1780880541460	4320.74	4321.93		0	0	6	119
2026.06.08	01:02:21.567	1780880541567	4320.75	4321.94		0	0	6	119
2026.06.08	01:02:21.674	1780880541674	4320.49	4321.66		0	0	6	117
2026.06.08	01:02:21.780	1780880541780	4320.23	4321.38		0	0	6	115
2026.06.08	01:02:21.888	1780880541888	4319.96	4321.11		0	0	6	115
2026.06.08	01:02:21.995	1780880541995	4319.86	4321.01		0	0	6	115
2026.06.08	01:02:22.745	1780880542745	4319.88	4321.03		0	0	6	115
2026.06.08	01:02:22.851	1780880542851	4320.15	4321.31		0	0	6	116
2026.06.08	01:02:22.960	1780880542960	4320.26	4321.42		0	0	6	116
2026.06.08	01:02:23.064	1780880543064	4320.22	4321.37		0	0	6	115
2026.06.08	01:02:23.171	1780880543171	4320.21	4321.36		0	0	6	115
2026.06.08	01:02:23.277	1780880543277	4320.19	4321.34		0	0	6	115
2026.06.08	01:02:23.921	1780880543921	4320.18	4321.33		0	0	6	115
2026.06.08	01:02:24.348	1780880544348	4320.24	4321.39		0	0	6	115
2026.06.08	01:02:24.455	1780880544455	4320.21	4321.37		0	0	6	116
2026.06.08	01:02:24.562	1780880544562	4320.21	4321.36		0	0	4	115
2026.06.08	01:02:24.672	1780880544672	4320.15	4321.29		0	0	6	114
2026.06.08	01:02:24.777	1780880544777	4320.21	4321.35		0	0	6	114
2026.06.08	01:02:24.884	1780880544884	4320.47	4321.63		0	0	6	116
2026.06.08	01:02:24.991	1780880544991	4320.45	4321.60		0	0	6	115
2026.06.08	01:02:25.097	1780880545097	4320.50	4321.66		0	0	6	116
2026.06.08	01:02:25.205	1780880545205	4320.50	4321.74		0	0	4	124
2026.06.08	01:02:25.312	1780880545312	4320.57	4321.74		0	0	2	117
2026.06.08	01:02:25.418	1780880545418	4320.40	4321.63		0	0	6	123
2026.06.08	01:02:25.632	1780880545632	4320.38	4321.61		0	0	6	123
2026.06.08	01:02:25.739	1780880545739	4320.41	4321.64		0	0	6	123
2026.06.08	01:02:25.846	1780880545846	4320.55	4321.77		0	0	6	122
2026.06.08	01:02:25.953	1780880545953	4320.57	4321.73		0	0	6	116
2026.06.08	01:02:26.061	1780880546061	4320.56	4321.72		0	0	6	116
2026.06.08	01:02:26.167	1780880546167	4320.61	4321.77		0	0	6	116
2026.06.08	01:02:26.274	1780880546274	4320.58	4321.74		0	0	6	116
2026.06.08	01:02:26.381	1780880546381	4320.57	4321.73		0	0	6	116
2026.06.08	01:02:26.487	1780880546487	4320.56	4321.72		0	0	6	116
2026.06.08	01:02:26.595	1780880546595	4320.63	4321.81		0	0	6	118
2026.06.08	01:02:26.701	1780880546701	4320.65	4321.81		0	0	2	116
2026.06.08	01:02:26.915	1780880546915	4320.64	4321.79		0	0	6	115
2026.06.08	01:02:27.129	1780880547129	4320.67	4321.85		0	0	6	118
2026.06.08	01:02:27.236	1780880547236	4320.40	4321.59		0	0	6	119
2026.06.08	01:02:27.343	1780880547343	4320.20	4321.39		0	0	6	119
2026.06.08	01:02:27.450	1780880547450	4320.20	4321.37		0	0	4	117
2026.06.08	01:02:27.984	1780880547984	4320.19	4321.37		0	0	2	118
2026.06.08	01:02:28.426	1780880548426	4320.30	4321.47		0	0	6	117
2026.06.08	01:02:28.467	1780880548467	4320.29	4321.45		0	0	6	116
2026.06.08	01:02:28.521	1780880548521	4320.20	4321.36		0	0	6	116
2026.06.08	01:02:28.626	1780880548626	4320.18	4321.34		0	0	6	116
2026.06.08	01:02:29.269	1780880549269	4320.15	4321.34		0	0	2	119
2026.06.08	01:02:29.375	1780880549375	4320.14	4321.31		0	0	6	117
2026.06.08	01:02:29.482	1780880549482	4319.95	4321.14		0	0	6	119
2026.06.08	01:02:29.843	1780880549843	4319.68	4320.87		0	0	6	119
2026.06.08	01:02:29.875	1780880549875	4319.41	4320.60		0	0	6	119
2026.06.08	01:02:29.975	1780880549975	4319.14	4320.33		0	0	6	119
2026.06.08	01:02:30.244	1780880550244	4318.87	4320.06		0	0	6	119
2026.06.08	01:02:30.285	1780880550285	4318.60	4319.79		0	0	6	119
2026.06.08	01:02:30.375	1780880550375	4318.48	4319.66		0	0	6	118
2026.06.08	01:02:30.385	1780880550385	4318.38	4319.56		0	0	6	118
2026.06.08	01:02:30.395	1780880550395	4318.30	4319.48		0	0	6	118
2026.06.08	01:02:30.415	1780880550415	4318.33	4319.50		0	0	6	117
2026.06.08	01:02:30.425	1780880550425	4318.19	4319.36		0	0	6	117
2026.06.08	01:02:30.636	1780880550636	4318.17	4319.33		0	0	6	116
2026.06.08	01:02:30.759	1780880550759	4318.35	4319.52		0	0	6	117
2026.06.08	01:02:30.778	1780880550778	4318.22	4319.39		0	0	6	117
2026.06.08	01:02:30.877	1780880550877	4318.13	4319.30		0	0	6	117
2026.06.08	01:02:30.889	1780880550889	4318.09	4319.26		0	0	6	117
2026.06.08	01:02:30.925	1780880550925	4318.02	4319.19		0	0	6	117
2026.06.08	01:02:30.936	1780880550936	4318.05	4319.22		0	0	6	117
2026.06.08	01:02:30.944	1780880550944	4318.19	4319.36		0	0	6	117
2026.06.08	01:02:30.966	1780880550966	4318.22	4319.39		0	0	6	117
2026.06.08	01:02:31.006	1780880551006	4318.24	4319.41		0	0	6	117
2026.06.08	01:02:31.045	1780880551045	4318.18	4319.35		0	0	6	117
2026.06.08	01:02:31.088	1780880551088	4318.17	4319.34		0	0	6	117
2026.06.08	01:02:31.107	1780880551107	4318.13	4319.30		0	0	6	117
2026.06.08	01:02:31.186	1780880551186	4318.40	4319.59		0	0	6	119
2026.06.08	01:02:31.197	1780880551197	4318.26	4319.44		0	0	6	118
2026.06.08	01:02:31.217	1780880551217	4318.20	4319.38		0	0	6	118
2026.06.08	01:02:31.308	1780880551308	4318.19	4319.36		0	0	6	117
2026.06.08	01:02:31.326	1780880551326	4318.12	4319.28		0	0	6	116
2026.06.08	01:02:31.346	1780880551346	4318.11	4319.27		0	0	6	116
2026.06.08	01:02:31.387	1780880551387	4318.10	4319.26		0	0	6	116
2026.06.08	01:02:31.489	1780880551489	4318.07	4319.23		0	0	6	116
2026.06.08	01:02:31.558	1780880551558	4318.19	4319.36		0	0	6	117
2026.06.08	01:02:31.568	1780880551568	4318.32	4319.50		0	0	6	118
2026.06.08	01:02:31.578	1780880551578	4318.21	4319.40		0	0	6	119
2026.06.08	01:02:31.587	1780880551587	4318.15	4319.33		0	0	6	118
2026.06.08	01:02:31.618	1780880551618	4318.11	4319.28		0	0	6	117
2026.06.08	01:02:31.628	1780880551628	4317.83	4319.02		0	0	6	119
2026.06.08	01:02:31.670	1780880551670	4317.70	4318.89		0	0	6	119
2026.06.08	01:02:31.737	1780880551737	4317.73	4318.91		0	0	6	118
2026.06.08	01:02:31.790	1780880551790	4317.67	4318.84		0	0	6	117
2026.06.08	01:02:31.851	1780880551851	4317.64	4318.81		0	0	6	117
2026.06.08	01:02:31.942	1780880551942	4317.62	4318.79		0	0	6	117
2026.06.08	01:02:31.993	1780880551993	4317.53	4318.71		0	0	6	118
2026.06.08	01:02:32.031	1780880552031	4317.42	4318.60		0	0	6	118
2026.06.08	01:02:32.051	1780880552051	4317.43	4318.61		0	0	6	118
2026.06.08	01:02:32.094	1780880552094	4317.40	4318.58		0	0	6	118
2026.06.08	01:02:32.150	1780880552150	4317.38	4318.55		0	0	6	117
2026.06.08	01:02:32.161	1780880552161	4317.47	4318.64		0	0	6	117
2026.06.08	01:02:32.213	1780880552213	4317.59	4318.77		0	0	6	118
2026.06.08	01:02:32.304	1780880552304	4317.44	4318.61		0	0	6	117
2026.06.08	01:02:32.323	1780880552323	4317.59	4318.77		0	0	6	118
2026.06.08	01:02:32.376	1780880552376	4317.43	4318.60		0	0	6	117
2026.06.08	01:02:32.436	1780880552436	4317.69	4318.88		0	0	6	119
2026.06.08	01:02:32.466	1780880552466	4317.92	4319.10		0	0	6	118
2026.06.08	01:02:32.477	1780880552477	4318.08	4319.27		0	0	6	119
2026.06.08	01:02:32.507	1780880552507	4317.81	4319.00		0	0	6	119
2026.06.08	01:02:32.547	1780880552547	4317.70	4318.87		0	0	6	117
2026.06.08	01:02:32.581	1780880552581	4317.66	4318.83		0	0	6	117
2026.06.08	01:02:32.647	1780880552647	4317.70	4318.89		0	0	6	119
2026.06.08	01:02:32.692	1780880552692	4317.44	4318.61		0	0	6	117
2026.06.08	01:02:32.798	1780880552798	4317.17	4318.34		0	0	6	117
2026.06.08	01:02:33.012	1780880553012	4316.91	4318.07		0	0	6	116
2026.06.08	01:02:33.120	1780880553120	4316.75	4317.91		0	0	6	116
2026.06.08	01:02:33.595	1780880553595	4316.76	4317.92		0	0	6	116
2026.06.08	01:02:33.616	1780880553616	4316.86	4318.03		0	0	6	117
2026.06.08	01:02:33.715	1780880553715	4316.73	4317.89		0	0	6	116
2026.06.08	01:02:33.760	1780880553760	4316.74	4317.90		0	0	6	116
2026.06.08	01:02:33.975	1780880553975	4316.67	4317.83		0	0	6	116
2026.06.08	01:02:34.081	1780880554081	4316.70	4317.89		0	0	6	119
2026.06.08	01:02:34.189	1780880554189	4316.69	4317.86		0	0	6	117
2026.06.08	01:02:34.405	1780880554405	4316.71	4317.89		0	0	6	118
2026.06.08	01:02:35.579	1780880555579	4316.72	4317.89		0	0	2	117
2026.06.08	01:02:35.687	1780880555687	4316.47	4317.60		0	0	6	113
2026.06.08	01:02:35.900	1780880555900	4316.22	4317.30		0	0	6	108
2026.06.08	01:02:36.007	1780880556007	4316.04	4317.17		0	0	6	113
2026.06.08	01:02:36.114	1780880556114	4316.00	4317.15		0	0	6	115
2026.06.08	01:02:36.435	1780880556435	4316.20	4317.36		0	0	6	116
2026.06.08	01:02:36.542	1780880556542	4316.22	4317.36		0	0	2	114
2026.06.08	01:02:37.191	1780880557191	4316.02	4317.17		0	0	6	115
2026.06.08	01:02:37.232	1780880557232	4315.86	4317.00		0	0	6	114
2026.06.08	01:02:37.311	1780880557311	4316.02	4317.17		0	0	6	115
2026.06.08	01:02:37.330	1780880557330	4315.85	4316.99		0	0	6	114
2026.06.08	01:02:37.381	1780880557381	4315.97	4317.12		0	0	6	115
2026.06.08	01:02:37.411	1780880557411	4315.93	4317.08		0	0	6	115
2026.06.08	01:02:37.546	1780880557546	4315.78	4316.91		0	0	6	113
2026.06.08	01:02:37.645	1780880557645	4316.03	4317.19		0	0	6	116
2026.06.08	01:02:37.656	1780880557656	4316.11	4317.27		0	0	6	116
2026.06.08	01:02:37.795	1780880557795	4315.92	4317.06		0	0	6	114
2026.06.08	01:02:37.834	1780880557834	4316.11	4317.26		0	0	6	115
2026.06.08	01:02:37.854	1780880557854	4315.92	4317.06		0	0	6	114
2026.06.08	01:02:37.894	1780880557894	4316.11	4317.26		0	0	6	115
2026.06.08	01:02:38.167	1780880558167	4316.08	4317.23		0	0	6	115
2026.06.08	01:02:38.205	1780880558205	4316.05	4317.20		0	0	6	115
2026.06.08	01:02:38.325	1780880558325	4315.85	4316.99		0	0	6	114
2026.06.08	01:02:38.396	1780880558396	4316.02	4317.17		0	0	6	115
2026.06.08	01:02:38.520	1780880558520	4316.09	4317.24		0	0	6	115
2026.06.08	01:02:38.530	1780880558530	4316.17	4317.32		0	0	6	115
2026.06.08	01:02:38.576	1780880558576	4316.35	4317.49		0	0	6	114
2026.06.08	01:02:39.002	1780880559002	4316.39	4317.53		0	0	6	114
2026.06.08	01:02:39.110	1780880559110	4316.35	4317.49		0	0	6	114
2026.06.08	01:02:39.538	1780880559538	4316.35	4317.47		0	0	4	112
2026.06.08	01:02:39.860	1780880559860	4316.05	4317.22		0	0	6	117
2026.06.08	01:02:39.966	1780880559966	4316.05	4317.21		0	0	4	116
2026.06.08	01:02:40.076	1780880560076	4315.96	4317.14		0	0	6	118
2026.06.08	01:02:40.182	1780880560182	4316.10	4317.27		0	0	6	117
2026.06.08	01:02:40.286	1780880560286	4316.03	4317.20		0	0	6	117
2026.06.08	01:02:40.502	1780880560502	4315.75	4316.94		0	0	6	119
2026.06.08	01:02:40.607	1780880560607	4315.48	4316.66		0	0	6	118
2026.06.08	01:02:40.715	1780880560715	4315.26	4316.44		0	0	6	118
2026.06.08	01:02:40.821	1780880560821	4315.18	4316.35		0	0	6	117
2026.06.08	01:02:40.929	1780880560929	4315.13	4316.29		0	0	6	116
2026.06.08	01:02:41.035	1780880561035	4314.91	4316.09		0	0	6	118
2026.06.08	01:02:41.141	1780880561141	4314.77	4315.95		0	0	6	118
2026.06.08	01:02:41.677	1780880561677	4314.63	4315.80		0	0	6	117
2026.06.08	01:02:41.892	1780880561892	4314.52	4315.71		0	0	6	119
2026.06.08	01:02:42.001	1780880562001	4314.26	4315.44		0	0	6	118
2026.06.08	01:02:42.107	1780880562107	4314.00	4315.18		0	0	6	118
2026.06.08	01:02:42.214	1780880562214	4313.97	4315.14		0	0	6	117
2026.06.08	01:02:42.319	1780880562319	4313.80	4314.97		0	0	6	117
2026.06.08	01:02:42.427	1780880562427	4313.53	4314.70		0	0	6	117
2026.06.08	01:02:42.535	1780880562535	4313.26	4314.43		0	0	6	117
2026.06.08	01:02:42.640	1780880562640	4312.99	4314.16		0	0	6	117
2026.06.08	01:02:42.749	1780880562749	4312.72	4313.89		0	0	6	117
2026.06.08	01:02:42.854	1780880562854	4312.54	4313.71		0	0	6	117
2026.06.08	01:02:42.961	1780880562961	4312.40	4313.56		0	0	6	116
2026.06.08	01:02:43.067	1780880563067	4312.31	4313.47		0	0	6	116
2026.06.08	01:02:43.174	1780880563174	4312.40	4313.56		0	0	6	116
2026.06.08	01:02:43.281	1780880563281	4312.29	4313.49		0	0	6	120
2026.06.08	01:02:43.603	1780880563603	4312.13	4313.33		0	0	6	120
2026.06.08	01:02:43.709	1780880563709	4312.14	4313.34		0	0	6	120
2026.06.08	01:02:43.816	1780880563816	4312.15	4313.35		0	0	6	120
2026.06.08	01:02:43.923	1780880563923	4312.10	4313.29		0	0	6	119
2026.06.08	01:02:44.030	1780880564030	4312.11	4313.29		0	0	2	118
2026.06.08	01:02:44.138	1780880564138	4312.09	4313.28		0	0	6	119
2026.06.08	01:02:44.458	1780880564458	4312.02	4313.20		0	0	6	118
2026.06.08	01:02:44.566	1780880564566	4311.74	4312.93		0	0	6	119
2026.06.08	01:02:44.673	1780880564673	4311.47	4312.66		0	0	6	119
2026.06.08	01:02:44.781	1780880564781	4311.36	4312.55		0	0	6	119
2026.06.08	01:02:44.885	1780880564885	4311.30	4312.48		0	0	6	118
2026.06.08	01:02:44.993	1780880564993	4311.34	4312.53		0	0	6	119
2026.06.08	01:02:45.100	1780880565100	4311.56	4312.75		0	0	6	119
2026.06.08	01:02:45.207	1780880565207	4311.31	4312.50		0	0	6	119
2026.06.08	01:02:45.314	1780880565314	4311.25	4312.43		0	0	6	118
2026.06.08	01:02:45.423	1780880565423	4311.15	4312.33		0	0	6	118
2026.06.08	01:02:45.530	1780880565530	4310.89	4312.04		0	0	6	115
2026.06.08	01:02:45.635	1780880565635	4310.61	4311.78		0	0	6	117
2026.06.08	01:02:45.742	1780880565742	4310.51	4311.65		0	0	6	114
2026.06.08	01:02:45.849	1780880565849	4310.49	4311.63		0	0	6	114
2026.06.08	01:02:46.063	1780880566063	4310.58	4311.72		0	0	6	114
2026.06.08	01:02:46.170	1780880566170	4310.51	4311.64		0	0	6	113
2026.06.08	01:02:46.276	1780880566276	4310.56	4311.67		0	0	6	111
2026.06.08	01:02:46.384	1780880566384	4310.63	4311.65		0	0	6	102
2026.06.08	01:02:46.491	1780880566491	4310.58	4311.70		0	0	6	112
2026.06.08	01:02:46.599	1780880566599	4310.59	4311.68		0	0	6	109
2026.06.08	01:02:46.704	1780880566704	4310.62	4311.66		0	0	6	104
2026.06.08	01:02:46.918	1780880566918	4310.63	4311.67		0	0	6	104
2026.06.08	01:02:47.133	1780880567133	4310.72	4311.60		0	0	6	88
2026.06.08	01:02:47.667	1780880567667	4310.85	4312.02		0	0	6	117
2026.06.08	01:02:47.774	1780880567774	4310.83	4311.99		0	0	6	116
2026.06.08	01:02:47.881	1780880567881	4310.88	4312.05		0	0	6	117
2026.06.08	01:02:48.202	1780880568202	4310.90	4312.05		0	0	2	115
2026.06.08	01:02:48.308	1780880568308	4311.05	4312.21		0	0	6	116
2026.06.08	01:02:48.417	1780880568417	4311.25	4312.43		0	0	6	118
2026.06.08	01:02:48.523	1780880568523	4311.52	4312.71		0	0	6	119
2026.06.08	01:02:48.631	1780880568631	4311.58	4312.76		0	0	6	118
2026.06.08	01:02:48.737	1780880568737	4311.86	4313.04		0	0	6	118
2026.06.08	01:02:48.845	1780880568845	4312.12	4313.31		0	0	6	119
2026.06.08	01:02:48.955	1780880568955	4312.39	4313.58		0	0	6	119
2026.06.08	01:02:49.059	1780880569059	4312.67	4313.84		0	0	6	117
2026.06.08	01:02:49.165	1780880569165	4312.78	4313.93		0	0	6	115
2026.06.08	01:02:49.491	1780880569491	4313.04	4314.22		0	0	6	118
2026.06.08	01:02:49.495	1780880569495	4313.16	4314.32		0	0	6	116
2026.06.08	01:02:49.593	1780880569593	4313.29	4314.47		0	0	6	118
2026.06.08	01:02:49.808	1780880569808	4313.37	4314.53		0	0	6	116
2026.06.08	01:02:49.913	1780880569913	4313.38	4314.53		0	0	2	115
2026.06.08	01:02:50.021	1780880570021	4313.47	4314.62		0	0	6	115
2026.06.08	01:02:50.127	1780880570127	4313.42	4314.58		0	0	6	116
2026.06.08	01:02:50.236	1780880570236	4313.45	4314.61		0	0	6	116
2026.06.08	01:02:50.342	1780880570342	4313.74	4314.87		0	0	6	113
2026.06.08	01:02:50.449	1780880570449	4314.00	4315.15		0	0	6	115
2026.06.08	01:02:50.555	1780880570555	4314.27	4315.42		0	0	6	115
2026.06.08	01:02:50.663	1780880570663	4314.54	4315.70		0	0	6	116
2026.06.08	01:02:50.775	1780880570775	4314.79	4315.98		0	0	6	119
2026.06.08	01:02:50.879	1780880570879	4315.08	4316.23		0	0	6	115
2026.06.08	01:02:50.985	1780880570985	4315.19	4316.36		0	0	6	117
2026.06.08	01:02:51.093	1780880571093	4315.46	4316.63		0	0	6	117
2026.06.08	01:02:51.197	1780880571197	4315.69	4316.88		0	0	6	119
2026.06.08	01:02:51.305	1780880571305	4315.91	4317.08		0	0	6	117
2026.06.08	01:02:51.412	1780880571412	4315.91	4317.07		0	0	4	116
2026.06.08	01:02:51.519	1780880571519	4315.84	4317.00		0	0	6	116
2026.06.08	01:02:51.626	1780880571626	4315.92	4317.09		0	0	6	117
2026.06.08	01:02:51.733	1780880571733	4316.09	4317.26		0	0	6	117
2026.06.08	01:02:51.839	1780880571839	4316.23	4317.40		0	0	6	117
2026.06.08	01:02:51.947	1780880571947	4316.23	4317.39		0	0	4	116
2026.06.08	01:02:52.160	1780880572160	4316.22	4317.38		0	0	6	116
2026.06.08	01:02:52.268	1780880572268	4315.97	4317.13		0	0	6	116
2026.06.08	01:02:52.374	1780880572374	4316.01	4317.17		0	0	6	116
2026.06.08	01:02:52.482	1780880572482	4315.96	4317.12		0	0	6	116
2026.06.08	01:02:52.588	1780880572588	4316.11	4317.28		0	0	6	117
2026.06.08	01:02:52.695	1780880572695	4316.20	4317.36		0	0	6	116
2026.06.08	01:02:52.802	1780880572802	4316.39	4317.54		0	0	6	115
2026.06.08	01:02:52.909	1780880572909	4316.65	4317.81		0	0	6	116
2026.06.08	01:02:53.015	1780880573015	4316.92	4318.09		0	0	6	117
2026.06.08	01:02:53.124	1780880573124	4317.19	4318.36		0	0	6	117
2026.06.08	01:02:53.231	1780880573231	4317.09	4318.25		0	0	6	116
2026.06.08	01:02:53.338	1780880573338	4317.19	4318.36		0	0	6	117
2026.06.08	01:02:53.445	1780880573445	4317.17	4318.33		0	0	6	116
2026.06.08	01:02:53.658	1780880573658	4317.44	4318.59		0	0	6	115
2026.06.08	01:02:53.764	1780880573764	4317.57	4318.74		0	0	6	117
2026.06.08	01:02:53.873	1780880573873	4317.55	4318.72		0	0	6	117
2026.06.08	01:02:53.980	1780880573980	4317.56	4318.73		0	0	6	117
2026.06.08	01:02:54.085	1780880574085	4317.57	4318.74		0	0	6	117
2026.06.08	01:02:54.299	1780880574299	4317.59	4318.75		0	0	6	116
2026.06.08	01:02:54.729	1780880574729	4317.58	4318.74		0	0	6	116
2026.06.08	01:02:54.942	1780880574942	4317.63	4318.79		0	0	6	116
2026.06.08	01:02:55.155	1780880575155	4317.84	4319.00		0	0	6	116
2026.06.08	01:02:55.263	1780880575263	4317.71	4318.86		0	0	6	115
2026.06.08	01:02:55.584	1780880575584	4317.79	4318.94		0	0	6	115
2026.06.08	01:02:55.798	1780880575798	4317.73	4318.87		0	0	6	114
2026.06.08	01:02:55.904	1780880575904	4317.80	4318.94		0	0	6	114
2026.06.08	01:02:56.011	1780880576011	4317.79	4318.93		0	0	6	114
2026.06.08	01:02:56.120	1780880576120	4317.80	4318.94		0	0	6	114
2026.06.08	01:02:56.225	1780880576225	4318.06	4319.22		0	0	6	116
2026.06.08	01:02:56.333	1780880576333	4318.33	4319.49		0	0	6	116
2026.06.08	01:02:56.439	1780880576439	4318.34	4319.50		0	0	6	116
2026.06.08	01:02:56.546	1780880576546	4318.20	4319.36		0	0	6	116
2026.06.08	01:02:56.654	1780880576654	4318.54	4319.56		0	0	6	102
2026.06.08	01:02:56.760	1780880576760	4318.76	4319.89		0	0	6	113
2026.06.08	01:02:56.977	1780880576977	4319.04	4320.15		0	0	6	111
2026.06.08	01:02:57.083	1780880577083	4319.36	4320.37		0	0	6	101
2026.06.08	01:02:57.297	1780880577297	4319.38	4320.34		0	0	6	96
2026.06.08	01:02:57.401	1780880577401	4319.39	4320.36		0	0	6	97
2026.06.08	01:02:57.616	1780880577616	4319.40	4320.33		0	0	6	93
2026.06.08	01:02:57.724	1780880577724	4319.37	4320.34		0	0	6	97
2026.06.08	01:02:57.938	1780880577938	4319.53	4320.72		0	0	6	119
2026.06.08	01:02:58.043	1780880578043	4319.68	4320.86		0	0	6	118
2026.06.08	01:02:58.150	1780880578150	4319.63	4320.79		0	0	6	116
2026.06.08	01:02:58.579	1780880578579	4319.87	4321.03		0	0	6	116
2026.06.08	01:02:58.685	1780880578685	4319.85	4320.99		0	0	6	114
2026.06.08	01:02:58.899	1780880578899	4319.95	4321.11		0	0	6	116
2026.06.08	01:02:59.006	1780880579006	4320.01	4321.15		0	0	6	114
2026.06.08	01:02:59.114	1780880579114	4319.98	4321.12		0	0	6	114
2026.06.08	01:02:59.220	1780880579220	4320.01	4321.15		0	0	6	114
2026.06.08	01:02:59.755	1780880579755	4320.29	4321.42		0	0	6	113
2026.06.08	01:03:00.076	1780880580076	4320.27	4321.40		0	0	6	113
2026.06.08	01:03:00.183	1780880580183	4320.51	4321.69		0	0	6	118
2026.06.08	01:03:00.290	1780880580290	4320.78	4321.97		0	0	6	119
2026.06.08	01:03:00.507	1780880580507	4320.92	4322.09		0	0	6	117
2026.06.08	01:03:00.888	1780880580888	4320.65	4321.81		0	0	6	116
2026.06.08	01:03:00.928	1780880580928	4320.66	4321.83		0	0	6	117
2026.06.08	01:03:00.948	1780880580948	4320.61	4321.78		0	0	6	117
2026.06.08	01:03:01.088	1780880581088	4320.89	4322.04		0	0	6	115
2026.06.08	01:03:01.169	1780880581169	4321.00	4322.15		0	0	6	115
2026.06.08	01:03:01.258	1780880581258	4321.03	4322.20		0	0	6	117
2026.06.08	01:03:01.269	1780880581269	4321.30	4322.47		0	0	6	117
2026.06.08	01:03:01.279	1780880581279	4321.03	4322.20		0	0	6	117
2026.06.08	01:03:01.318	1780880581318	4320.90	4322.06		0	0	6	116
2026.06.08	01:03:01.328	1780880581328	4320.70	4321.87		0	0	6	117
2026.06.08	01:03:01.380	1780880581380	4320.72	4321.89		0	0	6	117
2026.06.08	01:03:01.389	1780880581389	4320.64	4321.80		0	0	6	116
